App {file = ["/Volumes/Personal/Personal/hledger.journal","/Users/toddroth/.hquotes.db"]}
;; -*- mode: org; mode: beancount; -*-

 option "operating_currency" "USD"
2000-01-01 open Assets:Banking:BofA:Checking
2000-01-01 open Assets:Banking:BofA:Money-Market
2000-01-01 open Assets:Banking:BofA:Savings-Giving
2000-01-01 open Assets:Banking:Capital-One:Savings:Joint
2000-01-01 open Assets:Banking:Capital-One:Savings:Kids
2000-01-01 open Assets:Banking:Cash:Home
2000-01-01 open Assets:Banking:Mortgage-Escrow
2000-01-01 open Assets:Car:Subaru:Impreza
2000-01-01 open Assets:Car:Subaru:Outback
2000-01-01 open Assets:Car:Toyota
2000-01-01 open Assets:HSA:Benefit-Wallet
2000-01-01 open Assets:HSA:Health-Equity
2000-01-01 open Assets:House
2000-01-01 open Assets:Investments:Etrade:Cash
2000-01-01 open Assets:Investments:Etrade:Stocks:FB
2000-01-01 open Assets:Investments:Etrade:Stocks:QQQ
2000-01-01 open Assets:Investments:Raleigh-Radiology-PSP
2000-01-01 open Assets:Investments:Vanguard:Joint:DRIP:VMMXX
2000-01-01 open Assets:Investments:Vanguard:Joint:DRIP:VTIAX
2000-01-01 open Assets:Investments:Vanguard:Joint:DRIP:VTSAX
2000-01-01 open Assets:Investments:Vanguard:Joint:DRIP:VWIUX
2000-01-01 open Assets:Investments:Vanguard:Joint:VMMXX
2000-01-01 open Assets:Investments:Vanguard:Joint:VTIAX
2000-01-01 open Assets:Investments:Vanguard:Joint:VTSAX
2000-01-01 open Assets:Investments:Vanguard:Joint:VWIUX
2000-01-01 open Assets:Investments:Vanguard:Lara-Trad-IRA-Brok:FESGX
2000-01-01 open Assets:Investments:Vanguard:Lara-Trad-IRA:VMMXX
2000-01-01 open Assets:Investments:Vanguard:Lara:RothIRA-Brokerage:FESGX
2000-01-01 open Assets:Investments:Vanguard:Lara:RothIRA:VMMXX
2000-01-01 open Assets:Investments:Vanguard:Todd:RothIRA:BND
2000-01-01 open Assets:Investments:Vanguard:Todd:RothIRA:DRIP:BND
2000-01-01 open Assets:Investments:Vanguard:Todd:RothIRA:DRIP:TIP
2000-01-01 open Assets:Investments:Vanguard:Todd:RothIRA:DRIP:VGSLX
2000-01-01 open Assets:Investments:Vanguard:Todd:RothIRA:TIP
2000-01-01 open Assets:Investments:Vanguard:Todd:RothIRA:VGSLX
2000-01-01 open Assets:Investments:Vanguard:Todd:RothIRA:VMMXX
2000-01-01 open Assets:Investments:Vanguard:Todd:TradIRA:BND
2000-01-01 open Assets:Investments:Vanguard:Todd:TradIRA:DRIP:BND
2000-01-01 open Assets:Investments:Vanguard:Todd:TradIRA:DRIP:TIP
2000-01-01 open Assets:Investments:Vanguard:Todd:TradIRA:DRIP:VGSLX
2000-01-01 open Assets:Investments:Vanguard:Todd:TradIRA:TIP
2000-01-01 open Assets:Investments:Vanguard:Todd:TradIRA:VGSLX
2000-01-01 open Assets:Investments:Vanguard:Todd:TradIRA:VMMXX
2000-01-01 open Assets:Medical-Mutual
2000-01-01 open Assets:Raleigh-Radiology-Stock
2000-01-01 open Equity:Opening-Balances
2000-01-01 open Expenses:Arts-Crafts
2000-01-01 open Expenses:Attorney
2000-01-01 open Expenses:Auto
2000-01-01 open Expenses:Auto:Fees
2000-01-01 open Expenses:Auto:Gas
2000-01-01 open Expenses:Auto:Inspection
2000-01-01 open Expenses:Auto:Maintenance
2000-01-01 open Expenses:Auto:Parking
2000-01-01 open Expenses:Auto:Registration
2000-01-01 open Expenses:Auto:Service
2000-01-01 open Expenses:Auto:Toll
2000-01-01 open Expenses:Auto:Wash
2000-01-01 open Expenses:Banking
2000-01-01 open Expenses:Banking:Safe-Deposit
2000-01-01 open Expenses:Banking:Service-Charge
2000-01-01 open Expenses:Books
2000-01-01 open Expenses:Charity
2000-01-01 open Expenses:Clothing
2000-01-01 open Expenses:Computer
2000-01-01 open Expenses:Credit-Card
2000-01-01 open Expenses:Dance
2000-01-01 open Expenses:Dental
2000-01-01 open Expenses:Depreciation:Auto
2000-01-01 open Expenses:Dining
2000-01-01 open Expenses:DisabilityPlan
2000-01-01 open Expenses:Dry-Cleaning
2000-01-01 open Expenses:Education
2000-01-01 open Expenses:Education:Art
2000-01-01 open Expenses:Education:Books
2000-01-01 open Expenses:Education:Chinese
2000-01-01 open Expenses:Education:Piano
2000-01-01 open Expenses:Education:Radiology
2000-01-01 open Expenses:Education:Speech
2000-01-01 open Expenses:Education:Swimming
2000-01-01 open Expenses:Education:Testing
2000-01-01 open Expenses:Entertainment
2000-01-01 open Expenses:Entertainment:Music-Movies
2000-01-01 open Expenses:Entertainment:Recreation
2000-01-01 open Expenses:Entertainment:Travel
2000-01-01 open Expenses:Escrow-Items
2000-01-01 open Expenses:Gifts
2000-01-01 open Expenses:Groceries
2000-01-01 open Expenses:Haircut
2000-01-01 open Expenses:Hobbies
2000-01-01 open Expenses:House:Cleaning
2000-01-01 open Expenses:House:Goods
2000-01-01 open Expenses:House:Homeowners-Dues
2000-01-01 open Expenses:House:Maintenance
2000-01-01 open Expenses:House:Pest-Control
2000-01-01 open Expenses:House:Renovation
2000-01-01 open Expenses:House:Yard-care
2000-01-01 open Expenses:Household
2000-01-01 open Expenses:Insurance:Auto
2000-01-01 open Expenses:Insurance:Health
2000-01-01 open Expenses:Insurance:Life
2000-01-01 open Expenses:Insurance:Umbrella
2000-01-01 open Expenses:Investment-Expenses:Commissions:Etrade
2000-01-01 open Expenses:Investments:Margin-Interest
2000-01-01 open Expenses:Medical
2000-01-01 open Expenses:Medical:Pediatrician
2000-01-01 open Expenses:Miscellaneous
2000-01-01 open Expenses:Mortgage-Interest
2000-01-01 open Expenses:PAC-Radiology
2000-01-01 open Expenses:Personal-Care
2000-01-01 open Expenses:Phone
2000-01-01 open Expenses:Postage
2000-01-01 open Expenses:Raleigh-Radiology
2000-01-01 open Expenses:Subscriptions
2000-01-01 open Expenses:Supplies
2000-01-01 open Expenses:Tax-Preparation
2000-01-01 open Expenses:Taxes:Federal
2000-01-01 open Expenses:Taxes:Federal-Payment
2000-01-01 open Expenses:Taxes:Federal:Estimated
2000-01-01 open Expenses:Taxes:Medicare
2000-01-01 open Expenses:Taxes:Medicare-HI
2000-01-01 open Expenses:Taxes:Property
2000-01-01 open Expenses:Taxes:Refund:Federal
2000-01-01 open Expenses:Taxes:Social-Security
2000-01-01 open Expenses:Taxes:State
2000-01-01 open Expenses:Taxes:State:Refund
2000-01-01 open Expenses:Travel:Airline
2000-01-01 open Expenses:Travel:Dining
2000-01-01 open Expenses:Travel:Entertainment
2000-01-01 open Expenses:Travel:Gifts
2000-01-01 open Expenses:Travel:Hotel
2000-01-01 open Expenses:Travel:Parking
2000-01-01 open Expenses:Travel:Transportation
2000-01-01 open Expenses:Utilities:Electric
2000-01-01 open Expenses:Utilities:Gas
2000-01-01 open Expenses:Utilities:Phone
2000-01-01 open Expenses:Utilities:TV-Internet
2000-01-01 open Expenses:Utilities:Water
2000-01-01 open Expenses:Work
2000-01-01 open Income:Balance-Adjustment
2000-01-01 open Income:CapitalGainLong
2000-01-01 open Income:CapitalGainLong:NonTaxable
2000-01-01 open Income:CapitalGainShort
2000-01-01 open Income:CapitalGainShort:NonTaxable
2000-01-01 open Income:DRIPs:IRA-Roth:BND
2000-01-01 open Income:DRIPs:IRA-Roth:TIP
2000-01-01 open Income:DRIPs:IRA-Roth:VGSLX
2000-01-01 open Income:DRIPs:IRA-Traditional:BND
2000-01-01 open Income:DRIPs:IRA-Traditional:TIP
2000-01-01 open Income:DRIPs:IRA-Traditional:VGSLX
2000-01-01 open Income:DRIPs:Taxable:VMMXX
2000-01-01 open Income:DRIPs:Taxable:VTIAX
2000-01-01 open Income:DRIPs:Taxable:VTSAX
2000-01-01 open Income:DRIPs:Taxable:VWIUX
2000-01-01 open Income:Distribution-Medical-Mutual
2000-01-01 open Income:Gifts-Received
2000-01-01 open Income:HSA-Contribution-RRA
2000-01-01 open Income:HSA:Contribution:Health-Equity
2000-01-01 open Income:Interest:Checking
2000-01-01 open Income:Interest:Etrade
2000-01-01 open Income:Interest:HSA
2000-01-01 open Income:Interest:HSA:Benefit-Wallet
2000-01-01 open Income:Interest:HSA:Health-Equity
2000-01-01 open Income:Interest:Savings
2000-01-01 open Income:Misc
2000-01-01 open Income:Other-Income
2000-01-01 open Income:RalRad:Bonus
2000-01-01 open Income:RalRad:Distribution
2000-01-01 open Income:RalRad:Salary
2000-01-01 open Income:RalRad:Shift-Work
2000-01-01 open Liabilities:American-Express
2000-01-01 open Liabilities:Mortgage

2013-12-29 * "Opening balance"
  Assets:Banking:Capital-One:Savings:Joint      20203.16 USD
  Equity:Opening-Balances      -20203.16 USD

2013-12-30 * "Monthly Interest Paid"
  Assets:Banking:Capital-One:Savings:Joint      12.82 USD
  Income:Interest:Savings      -12.82 USD

2013-12-31 * "Opening Balance"
  Assets:Banking:BofA:Savings-Giving      2586.03 USD
  Equity:Opening-Balances      -2586.03 USD

2013-12-31 * "Opening Balance"
  Assets:Banking:BofA:Checking      28617.27 USD
  Equity:Opening-Balances      -28617.27 USD

2014-01-17 * "christmas from Dad-Withdrawal"
  Assets:Banking:Capital-One:Savings:Kids      200.00 USD
  Assets:Banking:Capital-One:Savings:Joint      -200.00 USD

2014-01-30 * "Monthly Interest Paid"
  Assets:Banking:Capital-One:Savings:Joint      12.78 USD
  Income:Interest:Savings      -12.78 USD

2014-02-27 * "Monthly Interest Paid"
  Assets:Banking:Capital-One:Savings:Joint      11.48 USD
  Income:Interest:Savings      -11.48 USD

2014-03-31 * "Monthly Interest Paid"
  Assets:Banking:Capital-One:Savings:Joint      12.72 USD
  Income:Interest:Savings      -12.72 USD

2014-04-30 * "Monthly Interest Paid"
  Assets:Banking:Capital-One:Savings:Joint      12.32 USD
  Income:Interest:Savings      -12.32 USD

2014-05-31 * "Monthly Interest Paid"
  Assets:Banking:Capital-One:Savings:Joint      12.74 USD
  Income:Interest:Savings      -12.74 USD

2014-06-30 * "Monthly Interest Paid"
  Assets:Banking:Capital-One:Savings:Joint      12.33 USD
  Income:Interest:Savings      -12.33 USD

2014-07-15 * "Bought Facebook"
  Assets:Investments:Etrade:Stocks:FB      800.0000 FB { 67.96 USD } 
  Expenses:Investment-Expenses:Commissions:Etrade      9.99 USD
  Equity:Opening-Balances      -54377.99 USD

2014-07-23 * "Bought Facebook"
  Assets:Investments:Etrade:Stocks:FB      600.0000 FB { 70.9975 USD } 
  Expenses:Investment-Expenses:Commissions:Etrade      9.99 USD
  Equity:Opening-Balances      -42608.49 USD

2014-07-31 * "Monthly Interest Paid"
  Assets:Banking:Capital-One:Savings:Joint      12.75 USD
  Income:Interest:Savings      -12.75 USD

2014-08-01 * "Opening balance"
  Assets:Banking:Mortgage-Escrow      5934.24 USD
  Equity:Opening-Balances      -5934.24 USD

2014-08-31 * "Monthly Interest Paid"
  Assets:Banking:Capital-One:Savings:Joint      12.76 USD
  Income:Interest:Savings      -12.76 USD

2014-09-01 * "amex openeing balance"
  Equity:Opening-Balances      9898.56 USD
  Liabilities:American-Express      -9898.56 USD

2014-09-01 * "Opening Balance"
  Equity:Opening-Balances      279108.59 USD
  Liabilities:Mortgage      -279108.59 USD

2014-09-02 * "Bank of America DES:MORTGAGE ID:"
  Liabilities:Mortgage      816.56 USD
  Expenses:Mortgage-Interest      668.70 USD
  Assets:Banking:Mortgage-Escrow      605.51 USD
  Assets:Banking:BofA:Checking      -2090.77 USD

2014-09-02 * "CHECKCARD 0830 JELLYBEANS OF RAL"
  Expenses:Entertainment:Recreation      10.00 USD
  Assets:Banking:BofA:Checking      -10.00 USD

2014-09-02 * "CHECKCARD 0830 MR MIKE'S USED BO"
  Expenses:Education      17.03 USD
  Assets:Banking:BofA:Checking      -17.03 USD

2014-09-02 * "Rachel Sherman"
  Expenses:Gifts      100.00 USD
  Assets:Banking:BofA:Checking      -100.00 USD

2014-09-03 * "AMERICAN EXPRESS Bill Payment"
  Liabilities:American-Express      4266.45 USD
  Assets:Banking:BofA:Checking      -4266.45 USD

2014-09-03 * "CHECKCARD 0901 GRACEFUL EXPRESSI"
  Expenses:Education      117.00 USD
  Assets:Banking:BofA:Checking      -117.00 USD

2014-09-04 * "PSNC ENERGY Bill Payment"
  Expenses:Utilities:Gas      21.65 USD
  Assets:Banking:BofA:Checking      -21.65 USD

2014-09-05 * "EARTH FARE #14 09/05 #000779600"
  Expenses:Groceries      25.76 USD
  Assets:Banking:BofA:Checking      -25.76 USD

2014-09-05 * "Triangle Green Cleaning"
  Expenses:House:Cleaning      154.00 USD
  Assets:Banking:BofA:Checking      -154.00 USD

2014-09-05 * "Machiko"
  Expenses:Education      256.00 USD
  Assets:Banking:BofA:Checking      -256.00 USD

2014-09-05 * "Brier Creek Country Club"
  Expenses:House:Homeowners-Dues      145.00 USD
  Assets:Banking:BofA:Checking      -145.00 USD

2014-09-08 * "Interest Earned"
  Assets:Banking:BofA:Savings-Giving      0.02 USD
  Income:Interest:Savings      -0.02 USD

2014-09-08 * "CHECKCARD 0906 HOMESCHOOL GATHER"
  Expenses:Education      21.74 USD
  Assets:Banking:BofA:Checking      -21.74 USD

2014-09-08 * "Interest Earned"
  Assets:Banking:BofA:Checking      0.18 USD
  Income:Interest:Checking      -0.18 USD

2014-09-08 * "Transfer"
  Assets:Investments:Vanguard:Joint:VMMXX      16000.0000 VMMXX { 1.00 USD } 
  Assets:Banking:BofA:Checking      -16000.00 USD

2014-09-09 * "Dr. Chen"
  Expenses:Medical      85.00 USD
  Assets:Banking:BofA:Checking      -85.00 USD

2014-09-09 * "Home Team PestControl"
  Expenses:Household      99.50 USD
  Assets:Banking:BofA:Checking      -99.50 USD

2014-09-10 * "CITY OF RALEIGH Bill Payment"
  Expenses:Utilities:Water      69.13 USD
  Assets:Banking:BofA:Checking      -69.13 USD

2014-09-10 * "616404248 GAS STATION"
  Expenses:Auto:Gas      50.99 USD
  Liabilities:American-Express      -50.99 USD

2014-09-10 * "90662657 402-935-7733"
  Expenses:Miscellaneous      35.98 USD
  Liabilities:American-Express      -35.98 USD

2014-09-10 * "RBZXN7 FAST FOOD RESTAURANT"
  Expenses:Dining      3.47 USD
  Liabilities:American-Express      -3.47 USD

2014-09-11 * "CHECKCARD 0909 REX HOSPITAL CAFE"
  Expenses:Dining      2.83 USD
  Assets:Banking:BofA:Checking      -2.83 USD

2014-09-11 * "000036251 8284180140"
  Expenses:Groceries      8.65 USD
  Liabilities:American-Express      -8.65 USD

2014-09-11 * "10051040 336-722-1227"
  Expenses:Dining      40.56 USD
  Liabilities:American-Express      -40.56 USD

2014-09-11 * "193376480-3 DIRECT MKTG MISC"
  Liabilities:American-Express      106.75 USD
  Expenses:Clothing      -106.75 USD

2014-09-11 * "73011004254 3367217300"
  Expenses:Education      2.75 USD
  Liabilities:American-Express      -2.75 USD

2014-09-11 * "73011004254 3367217300"
  Expenses:Education      6.66 USD
  Liabilities:American-Express      -6.66 USD

2014-09-11 * "73011004254 3367217300"
  Expenses:Education      34.09 USD
  Liabilities:American-Express      -34.09 USD

2014-09-12 * "DUKE ENERGY PROGRESS Bill Paymen"
  Expenses:Utilities:Electric      243.36 USD
  Assets:Banking:BofA:Checking      -243.36 USD

2014-09-12 * "TIME WARNER CABLE RALEIGH DURHAM"
  Expenses:Utilities:TV-Internet      80.17 USD
  Assets:Banking:BofA:Checking      -80.17 USD

2014-09-12 * "FABRIC STORE"
  Expenses:Gifts      29.47 USD
  Liabilities:American-Express      -29.47 USD

2014-09-12 * "042107220089193540350"
  Expenses:Groceries      68.69 USD
  Liabilities:American-Express      -68.69 USD

2014-09-12 * "DRY CLEANER"
  Expenses:Dry-Cleaning      10.00 USD
  Liabilities:American-Express      -10.00 USD

2014-09-13 * "000028585 9198065557"
  Expenses:Dining      12.14 USD
  Liabilities:American-Express      -12.14 USD

2014-09-13 * "009674977 404-8381000"
  Expenses:Dining      5.39 USD
  Liabilities:American-Express      -5.39 USD

2014-09-13 * "100029149 800-222-0544"
  Liabilities:American-Express      59.13 USD
  Expenses:Clothing      -59.13 USD

2014-09-13 * "528543 BOOK STORE"
  Expenses:Entertainment:Travel      2.66 USD
  Liabilities:American-Express      -2.66 USD

2014-09-13 * "98348908 402-935-7733"
  Expenses:Miscellaneous      20.00 USD
  Liabilities:American-Express      -20.00 USD

2014-09-13 * "DEPARTMENT STORE"
  Expenses:Clothing      37.63 USD
  Liabilities:American-Express      -37.63 USD

2014-09-14 * "000012076 8284180140"
  Expenses:Groceries      34.46 USD
  Liabilities:American-Express      -34.46 USD

2014-09-14 * "00007945 7945 67401"
  Expenses:Dining      38.70 USD
  Liabilities:American-Express      -38.70 USD

2014-09-14 * "DEPARTMENT STORE"
  Expenses:Clothing      32.03 USD
  Liabilities:American-Express      -32.03 USD

2014-09-15 * "CHECKCARD 0914 SAMS CLUB #8254 W"
  Expenses:Auto:Gas      22.38 USD
  Assets:Banking:BofA:Checking      -22.38 USD

2014-09-15 * "EARTH FARE #14 09/14 #000674500"
  Expenses:Groceries      26.10 USD
  Assets:Banking:BofA:Checking      -26.10 USD

2014-09-15 * "RALEIGH RADIOLOG DES:DIRECT DEP"
  Assets:Banking:BofA:Checking      8062.13 USD
  Income:RalRad:Salary      -8062.13 USD

2014-09-15 * "010098658 316-9464960"
  Expenses:Dining      3.20 USD
  Liabilities:American-Express      -3.20 USD

2014-09-15 * "010297001 316-9464960"
  Expenses:Dining      4.91 USD
  Liabilities:American-Express      -4.91 USD

2014-09-15 * "01094857 DISCOUNT STORE"
  Expenses:Household      16.68 USD
  Liabilities:American-Express      -16.68 USD

2014-09-15 * "10060 7195738557"
  Expenses:Dining      9.20 USD
  Liabilities:American-Express      -9.20 USD

2014-09-15 * "S CONVENIENCE 10ELLSWORTH"
  Expenses:Entertainment:Travel      52.58 USD
  Liabilities:American-Express      -52.58 USD

2014-09-15 * "31017394257 FAST FOOD RESTAURANT"
  Expenses:Dining      11.85 USD
  Liabilities:American-Express      -11.85 USD

2014-09-15 * "509338 GOVERNMENT SERVICE"
  Expenses:Entertainment:Travel      1.00 USD
  Liabilities:American-Express      -1.00 USD

2014-09-16 * "03672598 402-935-7733"
  Expenses:Supplies      51.00 USD
  Liabilities:American-Express      -51.00 USD

2014-09-16 * "042507020039198281589"
  Expenses:Groceries      152.52 USD
  Liabilities:American-Express      -152.52 USD

2014-09-16 * "32173924259 MISC/SPECIALTY RETAIL"
  Liabilities:American-Express      48.04 USD
  Expenses:Clothing      -48.04 USD

2014-09-16 * "* 08487000582RALEIGH"
  Expenses:Entertainment      34.00 USD
  Liabilities:American-Express      -34.00 USD

2014-09-16 * "MJ55B84890 ITUNES MUSIC STORE"
  Expenses:Entertainment:Music-Movies      6.39 USD
  Liabilities:American-Express      -6.39 USD

2014-09-17 * "CHECKCARD 0916 HITTO SALON 2 CAR"
  Expenses:Haircut      33.00 USD
  Assets:Banking:BofA:Checking      -33.00 USD

2014-09-17 * "Deposit"
  Assets:Banking:BofA:Checking      103.00 USD
  Income:Other-Income      -103.00 USD

2014-09-17 * "622440330 GAS STATION"
  Expenses:Auto:Gas      61.19 USD
  Liabilities:American-Express      -61.19 USD

2014-09-17 * "KYV9LS02Y8M MERCHANDISE"
  Expenses:Household      67.42 USD
  Liabilities:American-Express      -67.42 USD

2014-09-18 * "CHECKCARD 0916 HOMESCHOOL GATHER"
  Expenses:Education      102.81 USD
  Assets:Banking:BofA:Checking      -102.81 USD

2014-09-18 * "10156320140 9194698009"
  Expenses:Dining      43.70 USD
  Liabilities:American-Express      -43.70 USD

2014-09-18 * "10156320140 9194698009"
  Expenses:Dining      13.55 USD
  Liabilities:American-Express      -13.55 USD

2014-09-18 * "76960003581 FAMILY CLOTHING"
  Expenses:Clothing      48.35 USD
  Liabilities:American-Express      -48.35 USD

2014-09-18 * "DEPARTMENT STORE"
  Liabilities:American-Express      37.63 USD
  Expenses:Clothing      -37.63 USD

2014-09-18 * "FSOZVLMPBK3 MERCHANDISE"
  Expenses:Miscellaneous      75.00 USD
  Liabilities:American-Express      -75.00 USD

2014-09-19 * "BKOFAMERICA ATM 09/19 #000001659"
  Expenses:Entertainment:Recreation      60.00 USD
  Assets:Banking:BofA:Checking      -60.00 USD

2014-09-19 * "Triangle Green Cleaning"
  Expenses:House:Cleaning      154.00 USD
  Assets:Banking:BofA:Checking      -154.00 USD

2014-09-19 * "05915602 800-477-4222"
  Expenses:Auto:Fees      109.00 USD
  Liabilities:American-Express      -109.00 USD

2014-09-20 * "000058752 8284180140"
  Expenses:Groceries      11.39 USD
  Liabilities:American-Express      -11.39 USD

2014-09-20 * "000178153 9196213281"
  Expenses:Dining      4.72 USD
  Liabilities:American-Express      -4.72 USD

2014-09-20 * "042907020059198281589"
  Expenses:Groceries      37.45 USD
  Liabilities:American-Express      -37.45 USD

2014-09-20 * "042907220069193540350"
  Expenses:Groceries      228.00 USD
  Liabilities:American-Express      -228.00 USD

2014-09-20 * "625366236 GAS STATION"
  Expenses:Auto:Gas      42.75 USD
  Liabilities:American-Express      -42.75 USD

2014-09-21 * "Opening Balance"
  Assets:Banking:Cash:Home      15700.00 USD
  Equity:Opening-Balances      -15700.00 USD

2014-09-21 * "Opening Balance"
  Assets:Banking:BofA:Money-Market      0.08 USD
  Equity:Opening-Balances      -0.08 USD

2014-09-21 * "opening balance"
  Assets:Investments:Vanguard:Joint:VTSAX      21847.9300 VTSAX { 50.6100001235815 USD } 
  Equity:Opening-Balances      -1105723.74 USD

2014-09-21 * "Opening balance"
  Assets:Investments:Vanguard:Joint:VTIAX      15130.4510 VTIAX { 28.40999980767262 USD } 
  Equity:Opening-Balances      -429856.11 USD

2014-09-21 * "Opening Balance"
  Assets:Investments:Vanguard:Joint:VWIUX      8371.1510 VWIUX { 14.179999859039695 USD } 
  Equity:Opening-Balances      -118702.92 USD

2014-09-21 * "00754958 DISCOUNT STORE"
  Expenses:Household      22.31 USD
  Liabilities:American-Express      -22.31 USD

2014-09-21 * "32173924264 MISC/SPECIALTY RETAIL"
  Expenses:Gifts      26.69 USD
  Liabilities:American-Express      -26.69 USD

2014-09-21 * "MJ57WN4GN0 ITUNES MUSIC STORE"
  Expenses:Entertainment:Music-Movies      1.06 USD
  Liabilities:American-Express      -1.06 USD

2014-09-22 * "EARTH FARE #14 09/20 #000336400"
  Expenses:Groceries      22.66 USD
  Assets:Banking:BofA:Checking      -22.66 USD

2014-09-22 * "Opening balance"
  Assets:Banking:Capital-One:Savings:Kids      2964.86 USD
  Equity:Opening-Balances      -2964.86 USD

2014-09-22 * "Opening Balance"
  Assets:Raleigh-Radiology-Stock      340000.00 USD
  Equity:Opening-Balances      -340000.00 USD

2014-09-22 * "Opening Balance"
  Assets:House      550000.00 USD
  Equity:Opening-Balances      -550000.00 USD

2014-09-22 * "Opening Balance"
  Assets:Car:Subaru:Impreza      20000.00 USD
  Equity:Opening-Balances      -20000.00 USD

2014-09-22 * "Opening Balance"
  Assets:Car:Toyota      10000.00 USD
  Equity:Opening-Balances      -10000.00 USD

2014-09-22 * "000038635 8284180140"
  Expenses:Groceries      15.64 USD
  Liabilities:American-Express      -15.64 USD

2014-09-22 * "NOBLE #2171RALEIGH"
  Expenses:Gifts      15.29 USD
  Liabilities:American-Express      -15.29 USD

2014-09-22 * "199045290001990452900000000027617"
  Expenses:Household      151.59 USD
  Liabilities:American-Express      -151.59 USD

2014-09-23 * "T MOBILITY Bill Payment"
  Expenses:Utilities:Phone      110.26 USD
  Assets:Banking:BofA:Checking      -110.26 USD

2014-09-23 * "Reinvest Dividend Joint VTIAX"
  Assets:Investments:Vanguard:Joint:DRIP:VTIAX      79.8920 VTIAX { 27.83983378 USD } 
  Income:DRIPs:Taxable:VTIAX      -2224.18 USD

2014-09-23 * "Reinvest Dividend"
  Assets:Investments:Vanguard:Joint:DRIP:VTSAX      99.5490 VTSAX { 49.59999598 USD } 
  Income:DRIPs:Taxable:VTSAX      -4937.63 USD

2014-09-23 * "Opening Balance"
  Assets:Investments:Raleigh-Radiology-PSP      471468.19 USD
  Equity:Opening-Balances      -471468.19 USD

2014-09-23 * "opening balance"
  Assets:Investments:Etrade:Cash      3256.85 USD
  Equity:Opening-Balances      -3256.85 USD

2014-09-23 * "042207220059193540350"
  Expenses:Groceries      128.99 USD
  Liabilities:American-Express      -128.99 USD

2014-09-23 * "042207220109193540350"
  Expenses:Groceries      20.38 USD
  Liabilities:American-Express      -20.38 USD

2014-09-24 * "opening balance"
  Assets:Investments:Vanguard:Todd:RothIRA:TIP      5.1680 TIP { 112.59094427 USD } 
  Equity:Opening-Balances      -581.87 USD

2014-09-24 * "628527338 GAS STATION"
  Expenses:Auto:Gas      55.49 USD
  Liabilities:American-Express      -55.49 USD

2014-09-25 * "&"
  Expenses:Entertainment:Recreation      48.00 USD
  Assets:Banking:BofA:Checking      -48.00 USD

2014-09-25 * "&"
  Expenses:Entertainment:Recreation      40.00 USD
  Assets:Banking:BofA:Checking      -40.00 USD

2014-09-25 * "opening balance"
  Assets:Investments:Vanguard:Todd:TradIRA:BND      10.6170 BND { 81.84986343 USD } 
  Equity:Opening-Balances      -869.00 USD

2014-09-25 * "opening balance"
  Assets:Investments:Vanguard:Todd:TradIRA:TIP      14.4710 TIP { 112.5900076 USD } 
  Equity:Opening-Balances      -1629.29 USD

2014-09-25 * "opening balance"
  Assets:Investments:Vanguard:Todd:TradIRA:VGSLX      952.8480 VGSLX { 101.58000016791766 USD } 
  Equity:Opening-Balances      -96790.30 USD

2014-09-25 * "opening balance"
  Assets:Investments:Vanguard:Todd:TradIRA:VMMXX      2.7100 VMMXX { 1.00 USD } 
  Equity:Opening-Balances      -2.71 USD

2014-09-25 * "opening balance"
  Assets:Investments:Vanguard:Todd:RothIRA:BND      4.2440 BND { 81.84967012 USD } 
  Equity:Opening-Balances      -347.37 USD

2014-09-25 * "opening balance"
  Assets:Investments:Vanguard:Todd:RothIRA:VGSLX      324.1510 VGSLX { 101.58000438 USD } 
  Equity:Opening-Balances      -32927.26 USD

2014-09-25 * "opening balance"
  Assets:Investments:Vanguard:Todd:RothIRA:VMMXX      1.0400 VMMXX { 1.00 USD } 
  Equity:Opening-Balances      -1.04 USD

2014-09-25 * "Opening Balance"
  Assets:HSA:Benefit-Wallet      17273.47 USD
  Equity:Opening-Balances      -17273.47 USD

2014-09-25 * "Opening Balance"
  Assets:Medical-Mutual      10619.93 USD
  Equity:Opening-Balances      -10619.93 USD

2014-09-25 * "000128740 01174000128740 27617"
  Expenses:Household      11.73 USD
  Liabilities:American-Express      -11.73 USD

2014-09-25 * "CRAFT"
  Expenses:Household      42.24 USD
  Liabilities:American-Express      -42.24 USD

2014-09-26 * "NOBLE #2171RALEIGH"
  Expenses:Gifts      3.50 USD
  Liabilities:American-Express      -3.50 USD

2014-09-26 * "78830150 919-572-9090"
  Expenses:Gifts      12.65 USD
  Liabilities:American-Express      -12.65 USD

2014-09-26 * "78830151 919-572-9090"
  Expenses:Gifts      9.80 USD
  Liabilities:American-Express      -9.80 USD

2014-09-27 * "00778690 DISCOUNT STORE"
  Expenses:Household      57.05 USD
  Liabilities:American-Express      -57.05 USD

2014-09-27 * "042607020029198281589"
  Expenses:Groceries      134.62 USD
  Liabilities:American-Express      -134.62 USD

2014-09-28 * "001363804 919-789-8356"
  Expenses:Auto:Maintenance      554.32 USD
  Liabilities:American-Express      -554.32 USD

2014-09-28 * "01805019165 _"
  Expenses:Clothing      55.22 USD
  Liabilities:American-Express      -55.22 USD

2014-09-29 * "CHECKCARD 0925 REX HOSPITAL CAFE"
  Expenses:Dining      2.83 USD
  Assets:Banking:BofA:Checking      -2.83 USD

2014-09-29 * "CHECKCARD 0926 RALEIGH PARKING M"
  Expenses:Auto:Parking      1.50 USD
  Assets:Banking:BofA:Checking      -1.50 USD

2014-09-29 * "CHECKCARD 0927 HOMESCHOOL GATHER"
  Expenses:Education      127.05 USD
  Assets:Banking:BofA:Checking      -127.05 USD

2014-09-29 * "0000010086 919-781-9220"
  Expenses:Dining      8.19 USD
  Liabilities:American-Express      -8.19 USD

2014-09-29 * "000013716 8284180140"
  Expenses:Groceries      11.96 USD
  Liabilities:American-Express      -11.96 USD

2014-09-29 * "60040001239 MEN'S/WOMEN'S CLOTHNG"
  Expenses:Clothing      25.56 USD
  Liabilities:American-Express      -25.56 USD

2014-09-29 * "9196603752"
  Expenses:Auto:Parking      3.00 USD
  Liabilities:American-Express      -3.00 USD

2014-09-30 * "CHECKCARD 0928 REX HOSPITAL CAFE"
  Expenses:Dining      1.36 USD
  Assets:Banking:BofA:Checking      -1.36 USD

2014-09-30 * "RALEIGH RADIOLOG DES:DIRECT DEP"
  Assets:Banking:BofA:Checking      8062.13 USD
  Income:RalRad:Salary      -8062.13 USD

2014-09-30 * "Smart Room Studio"
  Expenses:Education      100.00 USD
  Assets:Banking:BofA:Checking      -100.00 USD

2014-09-30 * "Monthly Interest Paid"
  Assets:Banking:Capital-One:Savings:Joint      12.36 USD
  Income:Interest:Savings      -12.36 USD

2014-09-30 * "Monthly Interest Paid"
  Assets:Banking:Capital-One:Savings:Kids      1.94 USD
  Income:Interest:Savings      -1.94 USD

2014-09-30 * "opening balance"
  Assets:Investments:Vanguard:Lara-Trad-IRA:VMMXX      185.6100 VMMXX { 1.00 USD } 
  Equity:Opening-Balances      -185.61 USD

2014-09-30 * "opening balance"
  Assets:Investments:Vanguard:Lara-Trad-IRA-Brok:FESGX      232.4610 FESGX { 53.96999927 USD } 
  Equity:Opening-Balances      -12545.92 USD

2014-09-30 * "opening balance"
  Assets:Investments:Vanguard:Lara:RothIRA:VMMXX      227.3300 VMMXX { 1.00 USD } 
  Equity:Opening-Balances      -227.33 USD

2014-09-30 * "opening balance"
  Assets:Investments:Vanguard:Lara:RothIRA-Brokerage:FESGX      297.6630 FESGX { 53.96999291 USD } 
  Equity:Opening-Balances      -16064.87 USD

2014-09-30 * "00777531 DISCOUNT STORE"
  Expenses:Household      16.55 USD
  Liabilities:American-Express      -16.55 USD

2014-09-30 * "042907020039198281589"
  Expenses:Groceries      177.23 USD
  Liabilities:American-Express      -177.23 USD

2014-10-01 * "Online scheduled transfer to Sav"
  Assets:Banking:BofA:Savings-Giving      500.00 USD
  Assets:Banking:BofA:Checking      -500.00 USD

2014-10-01 * "Bank of America DES:MORTGAGE ID:"
  Expenses:Mortgage-Interest      666.74 USD
  Assets:Banking:Mortgage-Escrow      605.51 USD
  Liabilities:Mortgage      818.52 USD
  Assets:Banking:BofA:Checking      -2090.77 USD

2014-10-02 * "CHECKCARD 0930 MAYNARD CROSSING"
  Expenses:Miscellaneous      12.65 USD
  Assets:Banking:BofA:Checking      -12.65 USD

2014-10-02 * "RALEIGH IMAGING DES:DISTRIB ID:4"
  Assets:Banking:BofA:Checking      37900.00 USD
  Income:RalRad:Distribution      -37900.00 USD

2014-10-02 * "RALEIGH RADIOLOG DES:DIRECT DEP"
  Assets:Banking:BofA:Checking      21497.52 USD
  Income:RalRad:Bonus      -21497.52 USD

2014-10-02 * "Dr. Chen"
  Expenses:Medical      85.00 USD
  Assets:Banking:BofA:Checking      -85.00 USD

2014-10-02 * "Dr. Chen"
  Expenses:Medical      85.00 USD
  Assets:Banking:BofA:Checking      -85.00 USD

2014-10-02 * "Reinvest-Dividend"
  Assets:Investments:Vanguard:Joint:DRIP:VMMXX      0.1000 VMMXX { 1.00 USD } 
  Income:DRIPs:Taxable:VMMXX      -0.10 USD

2014-10-02 * "Reinvest-Dividend"
  Assets:Investments:Vanguard:Joint:DRIP:VWIUX      20.8240 VWIUX { 14.22013062 USD } 
  Income:DRIPs:Taxable:VWIUX      -296.12 USD

2014-10-02 * "interest on cash"
  Assets:Investments:Etrade:Cash      0.03 USD
  Income:Interest:Etrade      -0.03 USD

2014-10-03 * "CHECKCARD 1001 GRACEFUL EXPRESSI"
  Expenses:Education      117.00 USD
  Assets:Banking:BofA:Checking      -117.00 USD

2014-10-03 * "EARTH FARE #14 10/03 #000292900"
  Expenses:Groceries      41.73 USD
  Assets:Banking:BofA:Checking      -41.73 USD

2014-10-03 * "PSNC ENERGY Bill Payment"
  Expenses:Utilities:Gas      21.65 USD
  Assets:Banking:BofA:Checking      -21.65 USD

2014-10-03 * "Weed Man"
  Expenses:Household      42.00 USD
  Assets:Banking:BofA:Checking      -42.00 USD

2014-10-03 * "Machiko"
  Expenses:Education      256.00 USD
  Assets:Banking:BofA:Checking      -256.00 USD

2014-10-03 * "Brier Creek Country Club"
  Expenses:House:Homeowners-Dues      145.00 USD
  Assets:Banking:BofA:Checking      -145.00 USD

2014-10-03 * "ELECTRONIC PAYMENT RECEIVED-THA"
  Liabilities:American-Express      5632.11 USD
  Assets:Banking:BofA:Checking      -5632.11 USD

2014-10-03 * "000311365 9194692717"
  Expenses:Auto:Gas      31.81 USD
  Liabilities:American-Express      -31.81 USD

2014-10-03 * "00842702 DISCOUNT STORE"
  Expenses:Household      4.25 USD
  Liabilities:American-Express      -4.25 USD

2014-10-03 * "042207060089198168830"
  Expenses:Dining      14.53 USD
  Liabilities:American-Express      -14.53 USD

2014-10-03 * "10156320141 9194698009"
  Expenses:Dining      16.13 USD
  Liabilities:American-Express      -16.13 USD

2014-10-03 * "RG6HWD FAST FOOD RESTAURANT"
  Expenses:Dining      3.50 USD
  Liabilities:American-Express      -3.50 USD

2014-10-04 * "000041856 9192930100"
  Expenses:Dining      10.85 USD
  Liabilities:American-Express      -10.85 USD

2014-10-04 * "BEYOND#0464 RALEIGH"
  Expenses:Household      49.07 USD
  Liabilities:American-Express      -49.07 USD

2014-10-04 * "M2W2325 919-848-1550"
  Expenses:Auto:Gas      57.65 USD
  Liabilities:American-Express      -57.65 USD

2014-10-05 * "042407220059193540350"
  Expenses:Groceries      286.77 USD
  Liabilities:American-Express      -286.77 USD

2014-10-05 * "10040363419 999-999-9999"
  Liabilities:American-Express      31.92 USD
  Expenses:Household      -31.92 USD

2014-10-05 * "10040363425 999-999-9999"
  Expenses:Household      12.70 USD
  Liabilities:American-Express      -12.70 USD

2014-10-05 * "1004173908 919-881-9778"
  Expenses:Dining      38.23 USD
  Liabilities:American-Express      -38.23 USD

2014-10-05 * "44809925 402-935-7733"
  Expenses:Gifts      218.50 USD
  Liabilities:American-Express      -218.50 USD

2014-10-05 * "546877 GOVERNMENT SERVICE"
  Expenses:Auto:Parking      1.00 USD
  Liabilities:American-Express      -1.00 USD

2014-10-06 * "01259164 DISCOUNT STORE"
  Expenses:Household      37.35 USD
  Liabilities:American-Express      -37.35 USD

2014-10-06 * "6553070955 9704542722"
  Expenses:Charity      100.00 USD
  Liabilities:American-Express      -100.00 USD

2014-10-06 * "9196603752"
  Expenses:Auto:Parking      3.00 USD
  Liabilities:American-Express      -3.00 USD

2014-10-06 * "9196603752"
  Expenses:Auto:Parking      2.00 USD
  Liabilities:American-Express      -2.00 USD

2014-10-07 * "VGI-PRIME MM DES:INVESTMENT ID:0"
  Assets:Investments:Vanguard:Joint:VMMXX      60000.0000 VMMXX { 1.00 USD } 
  Assets:Banking:BofA:Checking      -60000.00 USD

2014-10-07 * "Triangle Green Cleaning"
  Expenses:House:Cleaning      154.00 USD
  Assets:Banking:BofA:Checking      -154.00 USD

2014-10-07 * "Reinvest Dividend"
  Assets:Investments:Vanguard:Todd:TradIRA:DRIP:BND      0.0210 BND { 81.42857143 USD } 
  Income:DRIPs:IRA-Traditional:BND      -1.71 USD

2014-10-07 * "Reinvest-Dividend"
  Assets:Investments:Vanguard:Todd:RothIRA:DRIP:BND      0.0080 BND { 85.00 USD } 
  Income:DRIPs:IRA-Roth:BND      -0.68 USD

2014-10-07 * "000031230 8284180140"
  Expenses:Groceries      56.05 USD
  Liabilities:American-Express      -56.05 USD

2014-10-07 * "000303960 ELECTRONICS STORE"
  Expenses:Household      40.55 USD
  Liabilities:American-Express      -40.55 USD

2014-10-07 * "027257 COSMETIC STORE"
  Expenses:Household      25.62 USD
  Liabilities:American-Express      -25.62 USD

2014-10-07 * "10156320141 9194698009"
  Expenses:Dining      33.15 USD
  Liabilities:American-Express      -33.15 USD

2014-10-07 * "10156320141 9194698009"
  Expenses:Dining      6.45 USD
  Liabilities:American-Express      -6.45 USD

2014-10-08 * "Interest Earned"
  Assets:Banking:BofA:Savings-Giving      0.02 USD
  Income:Interest:Savings      -0.02 USD

2014-10-08 * "Interest Earned"
  Assets:Banking:BofA:Checking      0.17 USD
  Income:Interest:Checking      -0.17 USD

2014-10-08 * "000031417 8284180140"
  Expenses:Groceries      7.46 USD
  Liabilities:American-Express      -7.46 USD

2014-10-08 * "0245183 AUTO FUEL DISPENSER"
  Expenses:Auto:Gas      37.25 USD
  Liabilities:American-Express      -37.25 USD

2014-10-08 * "199045290001990452900000000027617"
  Liabilities:American-Express      133.31 USD
  Expenses:Household      -133.31 USD

2014-10-09 * "Wendy Wang"
  Expenses:Education      25.00 USD
  Assets:Banking:BofA:Checking      -25.00 USD

2014-10-09 * "Wendy Wang"
  Expenses:Education      25.00 USD
  Assets:Banking:BofA:Checking      -25.00 USD

2014-10-09 * "Wendy Wang"
  Expenses:Education      25.00 USD
  Assets:Banking:BofA:Checking      -25.00 USD

2014-10-09 * "000621062 9197873373"
  Expenses:Dining      16.87 USD
  Liabilities:American-Express      -16.87 USD

2014-10-09 * "MJ5JF9DJD0 ITUNES MUSIC STORE"
  Expenses:Entertainment:Music-Movies      6.39 USD
  Liabilities:American-Express      -6.39 USD

2014-10-10 * "CITY OF RALEIGH Bill Payment"
  Expenses:Utilities:Water      77.00 USD
  Assets:Banking:BofA:Checking      -77.00 USD

2014-10-10 * "NC TLR cash withdrawal from CHK"
  Expenses:Entertainment      30.00 USD
  Assets:Banking:BofA:Checking      -30.00 USD

2014-10-10 * "buy"
  Assets:Investments:Vanguard:Joint:VTIAX      499.2320 VTIAX { 26.03999743606179 USD } 
  Assets:Investments:Vanguard:Joint:VMMXX      -13000.0000 VMMXX { 1.00 USD } 

2014-10-10 * "buy"
  Assets:Investments:Vanguard:Joint:VTSAX      526.0940 VTSAX { 47.52002493850908 USD } 
  Assets:Investments:Vanguard:Joint:VMMXX      -25000.0000 VMMXX { 1.00 USD } 

2014-10-10 * "RIGDYG FAST FOOD RESTAURANT"
  Expenses:Dining      3.48 USD
  Liabilities:American-Express      -3.48 USD

2014-10-11 * "00824898 DISCOUNT STORE"
  Expenses:Household      2.18 USD
  Liabilities:American-Express      -2.18 USD

2014-10-11 * "042007040159199681983"
  Expenses:Groceries      20.19 USD
  Liabilities:American-Express      -20.19 USD

2014-10-11 * "042007220069193540350"
  Expenses:Groceries      95.34 USD
  Liabilities:American-Express      -95.34 USD

2014-10-11 * "INV # 45332 919-510-9667"
  Expenses:Household      6.36 USD
  Liabilities:American-Express      -6.36 USD

2014-10-12 * "0022146 919-781-5259"
  Expenses:Auto:Gas      46.77 USD
  Liabilities:American-Express      -46.77 USD

2014-10-12 * "042107270127045561115"
  Expenses:Dining      14.59 USD
  Liabilities:American-Express      -14.59 USD

2014-10-12 * "DRY CLEANER"
  Expenses:Dry-Cleaning      23.95 USD
  Liabilities:American-Express      -23.95 USD

2014-10-12 * "RINBSV FAST FOOD RESTAURANT"
  Expenses:Dining      10.83 USD
  Liabilities:American-Express      -10.83 USD

2014-10-13 * "12672531403 AUTO FUEL DISPENSER"
  Expenses:Auto:Gas      56.08 USD
  Liabilities:American-Express      -56.08 USD

2014-10-13 * "9198063442"
  Expenses:Clothing      126.67 USD
  Liabilities:American-Express      -126.67 USD

2014-10-14 * "CHECKCARD 1011 HITTO SALON 2 CAR"
  Expenses:Haircut      25.00 USD
  Assets:Banking:BofA:Checking      -25.00 USD

2014-10-14 * "TIME WARNER CABLE RALEIGH DURHAM"
  Expenses:Utilities:TV-Internet      90.77 USD
  Assets:Banking:BofA:Checking      -90.77 USD

2014-10-14 * "00733902 DISCOUNT STORE"
  Expenses:Household      34.87 USD
  Liabilities:American-Express      -34.87 USD

2014-10-14 * "042307220029193540350"
  Expenses:Groceries      242.70 USD
  Liabilities:American-Express      -242.70 USD

2014-10-14 * "32173924287 MISC/SPECIALTY RETAIL"
  Expenses:Gifts      26.69 USD
  Liabilities:American-Express      -26.69 USD

2014-10-14 * "V18UKAFCA3B BOOK STORES"
  Expenses:Household      131.77 USD
  Liabilities:American-Express      -131.77 USD

2014-10-15 * "EARTH FARE #14 10/15 #000478900"
  Expenses:Groceries      36.66 USD
  Assets:Banking:BofA:Checking      -36.66 USD

2014-10-15 * "RALEIGH RADIOLOG DES:DIRECT DEP"
  Assets:Banking:BofA:Checking      8043.02 USD
  Income:RalRad:Salary      -8043.02 USD

2014-10-15 * "POWERSHARES QQQ TRUST-SERIES 1"
  Assets:Investments:Etrade:Cash      9250.10 USD
  Expenses:Investment-Expenses:Commissions:Etrade      10.20 USD
  Assets:Investments:Etrade:Stocks:QQQ      -100.0000 QQQ { 92.603 USD } 

2014-10-15 * "POWERSHARES QQQ TRUST-SERIES 1"
  Assets:Investments:Etrade:Stocks:QQQ      100.0000 QQQ { 91.947 USD } 
  Expenses:Investment-Expenses:Commissions:Etrade      9.99 USD
  Assets:Investments:Etrade:Cash      -9204.69 USD

2014-10-15 * "000000383 9195718480"
  Expenses:Dining      1.64 USD
  Liabilities:American-Express      -1.64 USD

2014-10-15 * "00774135 DISCOUNT STORE"
  Expenses:Household      41.20 USD
  Liabilities:American-Express      -41.20 USD

2014-10-15 * "9194609995"
  Expenses:Household      19.57 USD
  Liabilities:American-Express      -19.57 USD

2014-10-15 * "MJ5LLJZ590 ITUNES MUSIC STORE"
  Expenses:Entertainment:Music-Movies      3.19 USD
  Liabilities:American-Express      -3.19 USD

2014-10-16 * "CHECKCARD 1014 HOMESCHOOL GATHER"
  Expenses:Education      18.15 USD
  Assets:Banking:BofA:Checking      -18.15 USD

2014-10-16 * "POWERSHARES QQQ TRUST-SERIES 1"
  Assets:Investments:Etrade:Cash      18224.20 USD
  Expenses:Investment-Expenses:Commissions:Etrade      10.40 USD
  Assets:Investments:Etrade:Stocks:QQQ      -200.0000 QQQ { 91.173 USD } 

2014-10-16 * "POWERSHARES QQQ TRUST-SERIES 1"
  Assets:Investments:Etrade:Stocks:QQQ      200.0000 QQQ { 90.947 USD } 
  Expenses:Investment-Expenses:Commissions:Etrade      9.99 USD
  Assets:Investments:Etrade:Cash      -18199.39 USD

2014-10-16 * "NOBLE #2171RALEIGH"
  Expenses:Dining      3.15 USD
  Liabilities:American-Express      -3.15 USD

2014-10-16 * "78830195 919-572-9090"
  Expenses:Gifts      6.00 USD
  Liabilities:American-Express      -6.00 USD

2014-10-17 * "DUKE ENERGY PROGRESS Bill Paymen"
  Expenses:Utilities:Electric      290.63 USD
  Assets:Banking:BofA:Checking      -290.63 USD

2014-10-17 * "10156320141 9194698009"
  Expenses:Dining      22.92 USD
  Liabilities:American-Express      -22.92 USD

2014-10-17 * "10156320141 9194698009"
  Expenses:Dining      9.14 USD
  Liabilities:American-Express      -9.14 USD

2014-10-18 * "000033240 8284180140"
  Expenses:Groceries      9.28 USD
  Liabilities:American-Express      -9.28 USD

2014-10-18 * "WINE 9RALEIGH"
  Expenses:Auto:Gas      54.94 USD
  Liabilities:American-Express      -54.94 USD

2014-10-18 * "64708625 64708625 60604"
  Expenses:Household      49.99 USD
  Liabilities:American-Express      -49.99 USD

2014-10-18 * "RJFTAW 8774174551"
  Expenses:Dining      6.68 USD
  Liabilities:American-Express      -6.68 USD

2014-10-19 * "000004473 9192930294"
  Expenses:Groceries      12.79 USD
  Liabilities:American-Express      -12.79 USD

2014-10-19 * "042807220069193540350"
  Expenses:Groceries      183.27 USD
  Liabilities:American-Express      -183.27 USD

2014-10-19 * "MJ5S01VWH0 ITUNES MUSIC STORE"
  Expenses:Entertainment:Music-Movies      10.65 USD
  Liabilities:American-Express      -10.65 USD

2014-10-20 * "CHECKCARD 1017 GANYARD HILL FARM"
  Expenses:Entertainment      40.31 USD
  Assets:Banking:BofA:Checking      -40.31 USD

2014-10-20 * "&"
  Assets:Banking:BofA:Checking      17.00 USD
  Expenses:Entertainment      -17.00 USD

2014-10-20 * "&"
  Assets:Banking:BofA:Checking      45.00 USD
  Expenses:Entertainment      -45.00 USD

2014-10-20 * "&"
  Assets:Banking:BofA:Checking      17.00 USD
  Expenses:Entertainment      -17.00 USD

2014-10-20 * "76118723 402-935-7733"
  Expenses:Charity      35.00 USD
  Liabilities:American-Express      -35.00 USD

2014-10-21 * "Online Banking payment to MTG 49-additional principal payment"
  Liabilities:Mortgage      10000.00 USD
  Assets:Banking:BofA:Checking      -10000.00 USD

2014-10-21 * "Wendy Wang"
  Expenses:Education      25.00 USD
  Assets:Banking:BofA:Checking      -25.00 USD

2014-10-21 * "Triangle Green Cleaning"
  Expenses:House:Cleaning      154.00 USD
  Assets:Banking:BofA:Checking      -154.00 USD

2014-10-21 * "POWERSHARES QQQ TRUST-SERIES 1"
  Assets:Investments:Etrade:Stocks:QQQ      200.0000 QQQ { 95.617 USD } 
  Expenses:Investment-Expenses:Commissions:Etrade      9.99 USD
  Assets:Investments:Etrade:Cash      -19133.39 USD

2014-10-21 * "POWERSHARES QQQ TRUST-SERIES 1"
  Expenses:Investment-Expenses:Commissions:Etrade      10.42 USD
  Assets:Investments:Etrade:Cash      19093.58 USD
  Assets:Investments:Etrade:Stocks:QQQ      -200.0000 QQQ { 95.52 USD } 

2014-10-21 * "000001930 3366331303"
  Expenses:Dining      3.54 USD
  Liabilities:American-Express      -3.54 USD

2014-10-21 * "00760215 DISCOUNT STORE"
  Expenses:Household      125.14 USD
  Liabilities:American-Express      -125.14 USD

2014-10-21 * "01230506 DISCOUNT STORE"
  Liabilities:American-Express      7.46 USD
  Expenses:Household      -7.46 USD

2014-10-21 * "01576818 DISCOUNT STORE"
  Expenses:Household      2.42 USD
  Liabilities:American-Express      -2.42 USD

2014-10-21 * "TT8FLN4 DIRECT MKTG MISC"
  Expenses:Clothing      66.88 USD
  Liabilities:American-Express      -66.88 USD

2014-10-22 * "STONE'S EDUCATION SUPER"
  Expenses:Education      32.01 USD
  Liabilities:American-Express      -32.01 USD

2014-10-23 * "T MOBILITY Bill Payment"
  Expenses:Utilities:Phone      110.34 USD
  Assets:Banking:BofA:Checking      -110.34 USD

2014-10-23 * "Heifer international"
  Expenses:Charity      20.00 USD
  Assets:Banking:BofA:Checking      -20.00 USD

2014-10-23 * "042207220049193540350"
  Expenses:Groceries      164.65 USD
  Liabilities:American-Express      -164.65 USD

2014-10-24 * "Reinvest-Dividend"
  Assets:Investments:Vanguard:Joint:DRIP:VWIUX      18.0010 VWIUX { 14.27976224 USD } 
  Income:DRIPs:Taxable:VWIUX      -257.05 USD

2014-10-24 * "85180894297100202216311 27519"
  Expenses:Miscellaneous      10.00 USD
  Liabilities:American-Express      -10.00 USD

2014-10-24 * "TT8FLN4 DIRECT MKTG MISC"
  Expenses:Clothing      66.88 USD
  Liabilities:American-Express      -66.88 USD

2014-10-25 * "Reinvest-Dividend"
  Assets:Investments:Vanguard:Joint:DRIP:VMMXX      0.3000 VMMXX { 1.00 USD } 
  Income:DRIPs:Taxable:VMMXX      -0.30 USD

2014-10-25 * "1024194604 919-881-9778"
  Expenses:Dining      100.00 USD
  Liabilities:American-Express      -100.00 USD

2014-10-26 * "000540918 000-0000000"
  Expenses:Auto:Gas      47.00 USD
  Liabilities:American-Express      -47.00 USD

2014-10-26 * "00742265 DISCOUNT STORE"
  Expenses:Household      26.44 USD
  Liabilities:American-Express      -26.44 USD

2014-10-26 * "INV # 50322 919-510-9667"
  Expenses:Household      23.31 USD
  Liabilities:American-Express      -23.31 USD

2014-10-26 * "MJ5V3XJF40 ITUNES MUSIC STORE"
  Expenses:Entertainment:Music-Movies      10.52 USD
  Liabilities:American-Express      -10.52 USD

2014-10-26 * "NNAXJG FAST FOOD RESTAURANT"
  Expenses:Dining      7.58 USD
  Liabilities:American-Express      -7.58 USD

2014-10-26 * "RKJGL4 8774174551"
  Expenses:Dining      37.43 USD
  Liabilities:American-Express      -37.43 USD

2014-10-27 * "CHECKCARD 1025 HITTO SALON 2 CAR"
  Expenses:Haircut      35.00 USD
  Assets:Banking:BofA:Checking      -35.00 USD

2014-10-27 * "CHECKCARD 1025 HOMESCHOOL GATHER"
  Expenses:Education      54.47 USD
  Assets:Banking:BofA:Checking      -54.47 USD

2014-10-27 * "interest on cash"
  Assets:Investments:Etrade:Cash      0.03 USD
  Income:Interest:Etrade      -0.03 USD

2014-10-27 * "000651116 4349771111"
  Expenses:Dining      86.12 USD
  Liabilities:American-Express      -86.12 USD

2014-10-27 * "73011004299 4349849800"
  Expenses:Entertainment      11.01 USD
  Liabilities:American-Express      -11.01 USD

2014-10-27 * "73011004300 4349849803"
  Expenses:Entertainment      66.00 USD
  Liabilities:American-Express      -66.00 USD

2014-10-28 * "00000167 434-263-4289"
  Expenses:Auto:Gas      43.22 USD
  Liabilities:American-Express      -43.22 USD

2014-10-28 * "042700710044349734900"
  Expenses:Dining      17.11 USD
  Liabilities:American-Express      -17.11 USD

2014-10-28 * "042700710084349734900"
  Expenses:Dining      33.59 USD
  Liabilities:American-Express      -33.59 USD

2014-10-28 * "042701770614349842900"
  Expenses:Groceries      5.55 USD
  Liabilities:American-Express      -5.55 USD

2014-10-28 * "610000109 4342443304"
  Expenses:Dining      50.00 USD
  Liabilities:American-Express      -50.00 USD

2014-10-28 * "NNLKLD FAST FOOD RESTAURANT"
  Expenses:Dining      3.42 USD
  Liabilities:American-Express      -3.42 USD

2014-10-29 * "00021237 434-975-0052"
  Expenses:Auto:Gas      12.76 USD
  Liabilities:American-Express      -12.76 USD

2014-10-29 * "00130786 CHARITABLE ORG"
  Expenses:Dining      6.11 USD
  Liabilities:American-Express      -6.11 USD

2014-10-29 * "10391 Mary Powers"
  Expenses:Dining      6.45 USD
  Liabilities:American-Express      -6.45 USD

2014-10-29 * "10419 Mary Powers"
  Expenses:Dining      41.95 USD
  Liabilities:American-Express      -41.95 USD

2014-10-29 * "7572593778"
  Expenses:Auto:Parking      2.00 USD
  Liabilities:American-Express      -2.00 USD

2014-10-29 * "85247714302757-345-1776"
  Expenses:Entertainment:Travel      234.58 USD
  Liabilities:American-Express      -234.58 USD

2014-10-29 * "95152292 402-935-7733"
  Liabilities:American-Express      113.00 USD
  Expenses:Household      -113.00 USD

2014-10-30 * "CHECKCARD 1028 BLUE MOON DINER C"
  Expenses:Dining      100.43 USD
  Assets:Banking:BofA:Checking      -100.43 USD

2014-10-30 * "CHECKCARD 1029 AROMA'S WILLIAMSB"
  Expenses:Dining      1.83 USD
  Assets:Banking:BofA:Checking      -1.83 USD

2014-10-30 * "CHECKCARD 1029 AROMA'S WILLIAMSB"
  Expenses:Dining      8.34 USD
  Assets:Banking:BofA:Checking      -8.34 USD

2014-10-30 * "CHECKCARD 1029 AROMA'S WILLIAMSB"
  Expenses:Dining      34.47 USD
  Assets:Banking:BofA:Checking      -34.47 USD

2014-10-30 * "CHECKCARD 1029 AROMA'S WILLIAMSB"
  Expenses:Dining      3.33 USD
  Assets:Banking:BofA:Checking      -3.33 USD

2014-10-30 * "000057804 2525374331"
  Expenses:Dining      19.38 USD
  Liabilities:American-Express      -19.38 USD

2014-10-30 * "10258 Mary Powers"
  Expenses:Dining      26.23 USD
  Liabilities:American-Express      -26.23 USD

2014-10-30 * "12418446RN0 CHARITABLE ORG"
  Expenses:Gifts      85.75 USD
  Liabilities:American-Express      -85.75 USD

2014-10-30 * "28890006 540-344-5531"
  Expenses:Entertainment:Travel      306.87 USD
  Liabilities:American-Express      -306.87 USD

2014-10-30 * "9603032 919-816-0619"
  Expenses:Auto:Gas      51.56 USD
  Liabilities:American-Express      -51.56 USD

2014-10-30 * "INV # 20306 919-380-3210"
  Expenses:Household      92.72 USD
  Liabilities:American-Express      -92.72 USD

2014-10-30 * "MJ5Y324W70 ITUNES MUSIC STORE"
  Expenses:Entertainment:Music-Movies      0.99 USD
  Liabilities:American-Express      -0.99 USD

2014-10-31 * "Online scheduled transfer to Sav"
  Assets:Banking:BofA:Savings-Giving      500.00 USD
  Assets:Banking:BofA:Checking      -500.00 USD

2014-10-31 * "RALEIGH RADIOLOG DES:DIRECT DEP"
  Assets:Banking:BofA:Checking      8043.04 USD
  Income:RalRad:Salary      -8043.04 USD

2014-10-31 * "Monthly Interest Paid"
  Assets:Banking:Capital-One:Savings:Joint      12.78 USD
  Income:Interest:Savings      -12.78 USD

2014-10-31 * "Monthly Interest Paid"
  Assets:Banking:Capital-One:Savings:Kids      2.01 USD
  Income:Interest:Savings      -2.01 USD

2014-10-31 * "Reinvest-Dividend"
  Assets:Investments:Vanguard:Joint:DRIP:VMMXX      0.0500 VMMXX { 1.00 USD } 
  Income:DRIPs:Taxable:VMMXX      -0.05 USD

2014-10-31 * "Reinvest-Dividend"
  Assets:Investments:Vanguard:Joint:DRIP:VWIUX      3.4780 VWIUX { 14.25819436 USD } 
  Income:DRIPs:Taxable:VWIUX      -49.59 USD

2014-10-31 * "POWERSHARES QQQ TRUST-SERIES 1"
  Expenses:Investment-Expenses:Commissions:Etrade      10.44 USD
  Assets:Investments:Etrade:Cash      20231.56 USD
  Assets:Investments:Etrade:Stocks:QQQ      -200.0000 QQQ { 101.21 USD } 

2014-10-31 * "POWERSHARES QQQ TRUST-SERIES 1"
  Expenses:Investment-Expenses:Commissions:Etrade      9.99 USD
  Assets:Investments:Etrade:Stocks:QQQ      200.0000 QQQ { 101.4167 USD } 
  Assets:Investments:Etrade:Cash      -20293.33 USD

2014-10-31 * "Short QQQ"
  Assets:Investments:Etrade:Cash      20225.56 USD
  Expenses:Investment-Expenses:Commissions:Etrade      10.44 USD
  Assets:Investments:Etrade:Stocks:QQQ      -200.0000 QQQ { 101.18 USD } 

2014-10-31 * "Cover QQQ"
  Assets:Investments:Etrade:Stocks:QQQ      200.0000 QQQ { 100.8641 USD } 
  Expenses:Investment-Expenses:Commissions:Etrade      9.99 USD
  Assets:Investments:Etrade:Cash      -20182.81 USD

2014-10-31 * "00829561 DISCOUNT STORE"
  Expenses:Household      7.76 USD
  Liabilities:American-Express      -7.76 USD

2014-10-31 * "042007020049198281589"
  Expenses:Groceries      156.78 USD
  Liabilities:American-Express      -156.78 USD

2014-11-01 * "001 DIRECT MKTG MISC"
  Liabilities:American-Express      66.88 USD
  Expenses:Clothing      -66.88 USD

2014-11-01 * "001 DIRECT MKTG MISC"
  Liabilities:American-Express      66.88 USD
  Expenses:Clothing      -66.88 USD

2014-11-01 * "02088783 402-935-7733"
  Expenses:Household      18.00 USD
  Liabilities:American-Express      -18.00 USD

2014-11-01 * "02090309 402-935-7733"
  Expenses:Household      73.98 USD
  Liabilities:American-Express      -73.98 USD

2014-11-01 * "1194-26569 9704542722"
  Expenses:Charity      3000.00 USD
  Liabilities:American-Express      -3000.00 USD

2014-11-01 * "76960004569 FAMILY CLOTHING"
  Expenses:Clothing      28.37 USD
  Liabilities:American-Express      -28.37 USD

2014-11-02 * "042107020059198281589"
  Expenses:Groceries      133.74 USD
  Liabilities:American-Express      -133.74 USD

2014-11-02 * "24224434306 9193494419"
  Expenses:Dining      52.38 USD
  Liabilities:American-Express      -52.38 USD

2014-11-03 * "Online Banking transfer from SAV"
  Assets:Banking:BofA:Checking      3000.00 USD
  Assets:Banking:BofA:Savings-Giving      -3000.00 USD

2014-11-03 * "AMERICAN EXPRESS Bill Payment"
  Liabilities:American-Express      3825.06 USD
  Assets:Banking:BofA:Checking      -3825.06 USD

2014-11-03 * "Bank of America DES:MORTGAGE ID:"
  Expenses:Mortgage-Interest      640.82 USD
  Assets:Banking:Mortgage-Escrow      605.51 USD
  Liabilities:Mortgage      844.44 USD
  Assets:Banking:BofA:Checking      -2090.77 USD

2014-11-03 * "CHECKCARD 1101 GRACEFUL EXPRESSI"
  Expenses:Education      130.00 USD
  Assets:Banking:BofA:Checking      -130.00 USD

2014-11-03 * "CHECKCARD 1101 GRACEFUL EXPRESSI"
  Expenses:Education      117.00 USD
  Assets:Banking:BofA:Checking      -117.00 USD

2014-11-03 * "PSNC ENERGY Bill Payment"
  Expenses:Utilities:Gas      25.59 USD
  Assets:Banking:BofA:Checking      -25.59 USD

2014-11-03 * "Home Performance"
  Expenses:Household      50.00 USD
  Assets:Banking:BofA:Checking      -50.00 USD

2014-11-03 * "00800419 DISCOUNT STORE"
  Expenses:Household      115.72 USD
  Liabilities:American-Express      -115.72 USD

2014-11-03 * "042207020079198281589"
  Expenses:Groceries      4.07 USD
  Liabilities:American-Express      -4.07 USD

2014-11-04 * "Interest Earned"
  Assets:Banking:BofA:Savings-Giving      0.02 USD
  Income:Interest:Savings      -0.02 USD

2014-11-04 * "Interest Earned"
  Assets:Banking:BofA:Checking      0.09 USD
  Income:Interest:Checking      -0.09 USD

2014-11-04 * "Triangle Green Cleaning"
  Expenses:House:Cleaning      154.00 USD
  Assets:Banking:BofA:Checking      -154.00 USD

2014-11-04 * "RLL2A3 FAST FOOD RESTAURANT"
  Expenses:Dining      3.50 USD
  Liabilities:American-Express      -3.50 USD

2014-11-05 * "000026582 8284180140"
  Expenses:Groceries      13.50 USD
  Liabilities:American-Express      -13.50 USD

2014-11-05 * "80100004 617-824-6000"
  Expenses:Clothing      48.04 USD
  Liabilities:American-Express      -48.04 USD

2014-11-05 * "9194609995"
  Expenses:Clothing      244.46 USD
  Liabilities:American-Express      -244.46 USD

2014-11-06 * "Bartlett Tree Experts"
  Expenses:Household      257.00 USD
  Assets:Banking:BofA:Checking      -257.00 USD

2014-11-06 * "Check 3276"
  Expenses:Education      100.00 USD
  Assets:Banking:BofA:Checking      -100.00 USD

2014-11-06 * "Check 3278"
  Expenses:Household      705.00 USD
  Assets:Banking:BofA:Checking      -705.00 USD

2014-11-06 * "10156320141 9194698009"
  Expenses:Dining      20.22 USD
  Liabilities:American-Express      -20.22 USD

2014-11-06 * "104061583 9193615300"
  Expenses:Auto:Gas      40.58 USD
  Liabilities:American-Express      -40.58 USD

2014-11-06 * "6640213072 9704542722"
  Expenses:Charity      100.00 USD
  Liabilities:American-Express      -100.00 USD

2014-11-07 * "CHECKCARD 1105 UNC CH MEM HALL B"
  Expenses:Entertainment      263.39 USD
  Assets:Banking:BofA:Checking      -263.39 USD

2014-11-07 * "Check 3275"
  Expenses:Education      261.00 USD
  Assets:Banking:BofA:Checking      -261.00 USD

2014-11-07 * "Reinvest Dividend"
  Assets:Investments:Vanguard:Todd:TradIRA:DRIP:BND      0.0220 BND { 83.63636364 USD } 
  Income:DRIPs:IRA-Traditional:BND      -1.84 USD

2014-11-07 * "Reinvest-Dividend"
  Assets:Investments:Vanguard:Todd:RothIRA:DRIP:BND      0.0090 BND { 81.11111111 USD } 
  Income:DRIPs:IRA-Roth:BND      -0.73 USD

2014-11-07 * "00005848 919-957-2660"
  Expenses:Gifts      2.12 USD
  Liabilities:American-Express      -2.12 USD

2014-11-07 * "00755845 DISCOUNT STORE"
  Expenses:Household      2.95 USD
  Liabilities:American-Express      -2.95 USD

2014-11-07 * "01246616 DISCOUNT STORE"
  Liabilities:American-Express      5.34 USD
  Expenses:Household      -5.34 USD

2014-11-07 * "042607220089193540350"
  Expenses:Groceries      216.67 USD
  Liabilities:American-Express      -216.67 USD

2014-11-07 * "042607220129193540350"
  Expenses:Groceries      20.42 USD
  Liabilities:American-Express      -20.42 USD

2014-11-08 * "000037034 8284180140"
  Expenses:Groceries      8.57 USD
  Liabilities:American-Express      -8.57 USD

2014-11-08 * "NOBLE #2171RALEIGH"
  Expenses:Dining      7.00 USD
  Liabilities:American-Express      -7.00 USD

2014-11-08 * "107092525 9193615300"
  Expenses:Auto:Gas      38.30 USD
  Liabilities:American-Express      -38.30 USD

2014-11-09 * "00000031296 919-881-9700"
  Expenses:Household      26.77 USD
  Liabilities:American-Express      -26.77 USD

2014-11-09 * "00037843 317-858-5001"
  Expenses:Household      17.08 USD
  Liabilities:American-Express      -17.08 USD

2014-11-10 * "EARTH FARE #14 11/09 #000682300"
  Expenses:Groceries      39.36 USD
  Assets:Banking:BofA:Checking      -39.36 USD

2014-11-10 * "Check 3270"
  Expenses:Education      25.00 USD
  Assets:Banking:BofA:Checking      -25.00 USD

2014-11-10 * "Check 3277"
  Expenses:House:Homeowners-Dues      145.00 USD
  Assets:Banking:BofA:Checking      -145.00 USD

2014-11-10 * "Check 3279"
  Expenses:Education      25.00 USD
  Assets:Banking:BofA:Checking      -25.00 USD

2014-11-10 * "10156320141 9194698009"
  Expenses:Dining      33.15 USD
  Liabilities:American-Express      -33.15 USD

2014-11-11 * "NOBLE #2171RALEIGH"
  Expenses:Dining      15.85 USD
  Liabilities:American-Express      -15.85 USD

2014-11-11 * "10156320141 9194698009"
  Expenses:Dining      1.95 USD
  Liabilities:American-Express      -1.95 USD

2014-11-11 * "RALEIGH"
  Expenses:Miscellaneous      19.20 USD
  Liabilities:American-Express      -19.20 USD

2014-11-12 * "CITY OF RALEIGH Bill Payment"
  Expenses:Utilities:Water      84.86 USD
  Assets:Banking:BofA:Checking      -84.86 USD

2014-11-12 * "042107220059193540350"
  Expenses:Groceries      265.13 USD
  Liabilities:American-Express      -265.13 USD

2014-11-13 * "Check 3280"
  Expenses:Household      42.00 USD
  Assets:Banking:BofA:Checking      -42.00 USD

2014-11-13 * "RMQCFB FAST FOOD RESTAURANT"
  Expenses:Dining      3.50 USD
  Liabilities:American-Express      -3.50 USD

2014-11-14 * "DUKE ENERGY PROGRESS Bill Paymen"
  Expenses:Utilities:Electric      152.73 USD
  Assets:Banking:BofA:Checking      -152.73 USD

2014-11-14 * "RALEIGH RADIOLOG DES:DIRECT DEP"
  Assets:Banking:BofA:Checking      8043.02 USD
  Income:RalRad:Salary      -8043.02 USD

2014-11-14 * "TIME WARNER CABLE RALEIGH DURHAM"
  Expenses:Utilities:TV-Internet      90.81 USD
  Assets:Banking:BofA:Checking      -90.81 USD

2014-11-14 * "000037875 8284180140"
  Expenses:Groceries      20.16 USD
  Liabilities:American-Express      -20.16 USD

2014-11-14 * "SCIENCE 3L1 (888) 955"
  Expenses:Education      135.00 USD
  Liabilities:American-Express      -135.00 USD

2014-11-14 * "MJ62F37Y80 ITUNES MUSIC STORE"
  Expenses:Entertainment:Music-Movies      2.75 USD
  Liabilities:American-Express      -2.75 USD

2014-11-15 * "01254291 DISCOUNT STORE"
  Expenses:Household      101.03 USD
  Liabilities:American-Express      -101.03 USD

2014-11-15 * "0695770 626-599-3700"
  Expenses:Groceries      3.80 USD
  Liabilities:American-Express      -3.80 USD

2014-11-15 * "WINE 9RALEIGH"
  Expenses:Auto:Gas      50.21 USD
  Liabilities:American-Express      -50.21 USD

2014-11-15 * "NPMAZH FAST FOOD RESTAURANT"
  Expenses:Dining      3.49 USD
  Liabilities:American-Express      -3.49 USD

2014-11-16 * "042507220089193540350"
  Expenses:Groceries      214.62 USD
  Liabilities:American-Express      -214.62 USD

2014-11-16 * "100032350 800-222-0544"
  Expenses:Clothing      130.94 USD
  Liabilities:American-Express      -130.94 USD

2014-11-16 * "DEPARTMENT STORE"
  Expenses:Clothing      12.81 USD
  Liabilities:American-Express      -12.81 USD

2014-11-17 * "CHECKCARD 1114 HOMESCHOOL GATHER"
  Expenses:Education      28.82 USD
  Assets:Banking:BofA:Checking      -28.82 USD

2014-11-17 * "CHECKCARD 1115 C AND T WOK MORRI"
  Expenses:Dining      41.67 USD
  Assets:Banking:BofA:Checking      -41.67 USD

2014-11-17 * "115077794 9193615300"
  Expenses:Auto:Gas      35.96 USD
  Liabilities:American-Express      -35.96 USD

2014-11-17 * "31017394321 919-2205429"
  Liabilities:American-Express      135.00 USD
  Expenses:Education      -135.00 USD

2014-11-17 * "76960002138 FAMILY CLOTHING"
  Expenses:Clothing      29.72 USD
  Liabilities:American-Express      -29.72 USD

2014-11-18 * "Check 3282"
  Expenses:House:Cleaning      154.00 USD
  Assets:Banking:BofA:Checking      -154.00 USD

2014-11-18 * "00772860 DISCOUNT STORE"
  Expenses:Household      27.83 USD
  Liabilities:American-Express      -27.83 USD

2014-11-18 * "00772861 DISCOUNT STORE"
  Expenses:Household      157.23 USD
  Liabilities:American-Express      -157.23 USD

2014-11-18 * "100032541 800-222-0544"
  Expenses:Clothing      57.20 USD
  Liabilities:American-Express      -57.20 USD

2014-11-18 * "30P-1901548 877-769-7277"
  Expenses:Auto:Fees      20.00 USD
  Liabilities:American-Express      -20.00 USD

2014-11-18 * "9198063442"
  Liabilities:American-Express      30.79 USD
  Expenses:Clothing      -30.79 USD

2014-11-19 * "Dr. Chen"
  Expenses:Medical      85.00 USD
  Assets:Banking:BofA:Checking      -85.00 USD

2014-11-19 * "Balance adjustment"
  Assets:Investments:Raleigh-Radiology-PSP      11000.00 USD
  Equity:Opening-Balances      -11000.00 USD

2014-11-19 * "019426815 800-2758777"
  Expenses:Gifts      61.75 USD
  Liabilities:American-Express      -61.75 USD

2014-11-19 * "76960002159 FAMILY CLOTHING"
  Liabilities:American-Express      29.72 USD
  Expenses:Clothing      -29.72 USD

2014-11-19 * "INV # 15358 919-510-9667"
  Expenses:Household      13.83 USD
  Liabilities:American-Express      -13.83 USD

2014-11-20 * "BKOFAMERICA MOBILE 11/20 3316053"
  Assets:Banking:BofA:Checking      8.76 USD
  Income:Other-Income      -8.76 USD

2014-11-20 * "CHECKCARD 1118 HITTO SALON 2 CAR"
  Expenses:Haircut      14.00 USD
  Assets:Banking:BofA:Checking      -14.00 USD

2014-11-20 * "00773545 DISCOUNT STORE"
  Expenses:Household      34.15 USD
  Liabilities:American-Express      -34.15 USD

2014-11-20 * "43289584 402-935-7733"
  Expenses:Charity      35.00 USD
  Liabilities:American-Express      -35.00 USD

2014-11-20 * "43744979 402-935-7733"
  Expenses:Charity      14.00 USD
  Liabilities:American-Express      -14.00 USD

2014-11-20 * "RNM5NK FAST FOOD RESTAURANT"
  Expenses:Dining      3.50 USD
  Liabilities:American-Express      -3.50 USD

2014-11-21 * "T MOBILITY Bill Payment"
  Expenses:Utilities:Phone      110.34 USD
  Assets:Banking:BofA:Checking      -110.34 USD

2014-11-21 * "CHECKCARD 1119 CHARGRILL RALEIGH"
  Expenses:Dining      2.14 USD
  Assets:Banking:BofA:Checking      -2.14 USD

2014-11-21 * "buy"
  Assets:Investments:Vanguard:Joint:VTSAX      504.9520 VTSAX { 51.490042617912195 USD } 
  Assets:Investments:Vanguard:Joint:VMMXX      -26000.0000 VMMXX { 1.00 USD } 

2014-11-21 * "buy"
  Assets:Investments:Vanguard:Joint:VTIAX      444.4440 VTIAX { 27.000027 USD } 
  Assets:Investments:Vanguard:Joint:VMMXX      -12000.0000 VMMXX { 1.00 USD } 

2014-11-21 * "T7F6WBCWO1F BOOK STORES"
  Expenses:Gifts      23.85 USD
  Liabilities:American-Express      -23.85 USD

2014-11-22 * "000241146 9196213281"
  Expenses:Dining      1.28 USD
  Liabilities:American-Express      -1.28 USD

2014-11-22 * "042107220079193540350"
  Expenses:Groceries      266.99 USD
  Liabilities:American-Express      -266.99 USD

2014-11-22 * "042107220119193540350"
  Expenses:Groceries      40.16 USD
  Liabilities:American-Express      -40.16 USD

2014-11-22 * "16945832 1994052802"
  Expenses:Dining      1.82 USD
  Liabilities:American-Express      -1.82 USD

2014-11-23 * "000454364 000-0000000"
  Expenses:Auto:Gas      45.99 USD
  Liabilities:American-Express      -45.99 USD

2014-11-23 * "00811382 DISCOUNT STORE"
  Expenses:Household      152.81 USD
  Liabilities:American-Express      -152.81 USD

2014-11-23 * "042207020069198281589"
  Expenses:Groceries      10.58 USD
  Liabilities:American-Express      -10.58 USD

2014-11-23 * "24224434327 9193494419"
  Expenses:Dining      47.27 USD
  Liabilities:American-Express      -47.27 USD

2014-11-24 * "CHECKCARD 1122 SQ *MEHERRIN OUTP"
  Expenses:Gifts      17.12 USD
  Assets:Banking:BofA:Checking      -17.12 USD

2014-11-24 * "Ruth Heuer"
  Expenses:Education      25.00 USD
  Assets:Banking:BofA:Checking      -25.00 USD

2014-11-24 * "01229572 DISCOUNT STORE"
  Liabilities:American-Express      78.24 USD
  Expenses:Household      -78.24 USD

2014-11-24 * "CRAFT"
  Expenses:Gifts      2.50 USD
  Liabilities:American-Express      -2.50 USD

2014-11-24 * "CRAFT"
  Expenses:Gifts      18.81 USD
  Liabilities:American-Express      -18.81 USD

2014-11-24 * "INV # 09322 919-510-9667"
  Expenses:Household      91.60 USD
  Liabilities:American-Express      -91.60 USD

2014-11-24 * "INV # 37459 919-510-9667"
  Liabilities:American-Express      6.92 USD
  Expenses:Household      -6.92 USD

2014-11-24 * "RN3UIE 8774174551"
  Expenses:Medical      80.00 USD
  Liabilities:American-Express      -80.00 USD

2014-11-25 * "Wendy Wang"
  Expenses:Education      25.00 USD
  Assets:Banking:BofA:Checking      -25.00 USD

2014-11-25 * "Wendy Wang"
  Expenses:Education      25.00 USD
  Assets:Banking:BofA:Checking      -25.00 USD

2014-11-25 * "000019347 8284180140"
  Expenses:Groceries      2.72 USD
  Liabilities:American-Express      -2.72 USD

2014-11-25 * "00802227 DISCOUNT STORE"
  Expenses:Household      32.01 USD
  Liabilities:American-Express      -32.01 USD

2014-11-25 * "0328 201411 WOMEN'S CLOTHING"
  Expenses:Clothing      132.90 USD
  Liabilities:American-Express      -132.90 USD

2014-11-25 * "DRY CLEANER"
  Expenses:Dry-Cleaning      26.96 USD
  Liabilities:American-Express      -26.96 USD

2014-11-26 * "interest on cash"
  Assets:Investments:Etrade:Cash      0.03 USD
  Income:Interest:Etrade      -0.03 USD

2014-11-26 * "042507020049198281589"
  Expenses:Groceries      69.85 USD
  Liabilities:American-Express      -69.85 USD

2014-11-26 * "0611 201411 DIRECT MKTG MISC"
  Expenses:Clothing      66.56 USD
  Liabilities:American-Express      -66.56 USD

2014-11-26 * "99999994330 8002892273"
  Expenses:Miscellaneous      6.93 USD
  Liabilities:American-Express      -6.93 USD

2014-11-26 * "NQQAUD FAST FOOD RESTAURANT"
  Expenses:Dining      6.10 USD
  Liabilities:American-Express      -6.10 USD

2014-11-27 * "050241127 704-847-4309"
  Expenses:Auto:Gas      34.22 USD
  Liabilities:American-Express      -34.22 USD

2014-11-28 * "RALEIGH RADIOLOG DES:DIRECT DEP"
  Assets:Banking:BofA:Checking      8043.02 USD
  Income:RalRad:Salary      -8043.02 USD

2014-11-28 * "Lars Hansen"
  Expenses:Gifts      232.00 USD
  Assets:Banking:BofA:Checking      -232.00 USD

2014-11-28 * "Reinvest-Dividend"
  Assets:Investments:Vanguard:Joint:DRIP:VMMXX      0.2100 VMMXX { 1.00 USD } 
  Income:DRIPs:Taxable:VMMXX      -0.21 USD

2014-11-28 * "Reinvest-Dividend"
  Assets:Investments:Vanguard:Joint:DRIP:VWIUX      20.8740 VWIUX { 14.23014276 USD } 
  Income:DRIPs:Taxable:VWIUX      -297.04 USD

2014-11-29 * "9640035 704-821-0837"
  Expenses:Auto:Gas      40.56 USD
  Liabilities:American-Express      -40.56 USD

2014-11-29 * "NQXPGD FAST FOOD RESTAURANT"
  Expenses:Dining      3.48 USD
  Liabilities:American-Express      -3.48 USD

2014-11-30 * "Monthly Interest Paid"
  Assets:Banking:Capital-One:Savings:Joint      12.37 USD
  Income:Interest:Savings      -12.37 USD

2014-11-30 * "Monthly Interest Paid"
  Assets:Banking:Capital-One:Savings:Kids      1.95 USD
  Income:Interest:Savings      -1.95 USD

2014-11-30 * "042907220049193540350"
  Expenses:Groceries      151.27 USD
  Liabilities:American-Express      -151.27 USD

2014-11-30 * "042907220109193540350"
  Expenses:Groceries      12.23 USD
  Liabilities:American-Express      -12.23 USD

2014-11-30 * "19797 980-225-5419"
  Expenses:Gifts      6.02 USD
  Liabilities:American-Express      -6.02 USD

2014-11-30 * "4525658127 704-333-0008"
  Expenses:Dining      61.42 USD
  Liabilities:American-Express      -61.42 USD

2014-11-30 * "MJ6BFXK4K0 ITUNES MUSIC STORE"
  Expenses:Entertainment:Music-Movies      9.59 USD
  Liabilities:American-Express      -9.59 USD

2014-11-30 * "MJ6BYK1VT0 ITUNES MUSIC STORE"
  Expenses:Entertainment:Music-Movies      0.99 USD
  Liabilities:American-Express      -0.99 USD

2014-11-30 * "ROLWHF 8774174551"
  Expenses:Household      51.50 USD
  Liabilities:American-Express      -51.50 USD

2014-11-30 * "YQ4ZHJKMULD MERCHANDISE"
  Expenses:Gifts      29.88 USD
  Liabilities:American-Express      -29.88 USD

2014-12-01 * "Online scheduled transfer to Sav"
  Assets:Banking:BofA:Savings-Giving      1000.00 USD
  Assets:Banking:BofA:Checking      -1000.00 USD

2014-12-01 * "Bank of America DES:MORTGAGE ID:"
  Expenses:Mortgage-Interest      638.80 USD
  Assets:Banking:Mortgage-Escrow      605.51 USD
  Liabilities:Mortgage      846.46 USD
  Assets:Banking:BofA:Checking      -2090.77 USD

2014-12-01 * "000010086 8284180140"
  Expenses:Groceries      8.66 USD
  Liabilities:American-Express      -8.66 USD

2014-12-01 * "10156320141 9194698009"
  Expenses:Dining      35.54 USD
  Liabilities:American-Express      -35.54 USD

2014-12-01 * "71462959 402-935-7733"
  Expenses:Computer      1749.00 USD
  Liabilities:American-Express      -1749.00 USD

2014-12-01 * "71595636 402-935-7733"
  Expenses:Household      35.00 USD
  Liabilities:American-Express      -35.00 USD

2014-12-02 * "Dr. Chen"
  Expenses:Medical      85.00 USD
  Assets:Banking:BofA:Checking      -85.00 USD

2014-12-02 * "00777845 DISCOUNT STORE"
  Expenses:Household      63.85 USD
  Liabilities:American-Express      -63.85 USD

2014-12-02 * "01572591 DISCOUNT STORE"
  Expenses:Household      3.50 USD
  Liabilities:American-Express      -3.50 USD

2014-12-02 * "042103670339195544167"
  Expenses:Groceries      27.10 USD
  Liabilities:American-Express      -27.10 USD

2014-12-02 * "85180894335100207568464 27519"
  Expenses:Charity      500.00 USD
  Liabilities:American-Express      -500.00 USD

2014-12-02 * "INV # 45121 919-510-9667"
  Expenses:Household      47.99 USD
  Liabilities:American-Express      -47.99 USD

2014-12-03 * "CHECKCARD 1201 GRACEFUL EXPRESSI"
  Expenses:Education      117.00 USD
  Assets:Banking:BofA:Checking      -117.00 USD

2014-12-03 * "PSNC ENERGY Bill Payment"
  Expenses:Utilities:Gas      36.78 USD
  Assets:Banking:BofA:Checking      -36.78 USD

2014-12-03 * "Smart Room Studio"
  Expenses:Education      100.00 USD
  Assets:Banking:BofA:Checking      -100.00 USD

2014-12-03 * "ELECTRONIC PAYMENT RECEIVED-THA"
  Liabilities:American-Express      7376.99 USD
  Assets:Banking:BofA:Checking      -7376.99 USD

2014-12-03 * "01099890 DISCOUNT STORE"
  Expenses:Household      9.27 USD
  Liabilities:American-Express      -9.27 USD

2014-12-03 * "042207020049198281589"
  Expenses:Dining      125.36 USD
  Liabilities:American-Express      -125.36 USD

2014-12-03 * "1481983098 877-300-9256"
  Expenses:Gifts      84.67 USD
  Liabilities:American-Express      -84.67 USD

2014-12-03 * "81242299 402-935-7733"
  Expenses:Groceries      129.96 USD
  Liabilities:American-Express      -129.96 USD

2014-12-03 * "9197675971 APPLE ONLINE STORES"
  Expenses:Gifts      121.41 USD
  Liabilities:American-Express      -121.41 USD

2014-12-04 * "major league gutter cleaning"
  Expenses:Household      60.00 USD
  Assets:Banking:BofA:Checking      -60.00 USD

2014-12-04 * "INV # 13682 919-380-3210"
  Expenses:Household      60.78 USD
  Liabilities:American-Express      -60.78 USD

2014-12-04 * "NRJERG FAST FOOD RESTAURANT"
  Expenses:Dining      3.50 USD
  Liabilities:American-Express      -3.50 USD

2014-12-04 * "TSR7ED2HFXR BOOK STORES"
  Expenses:Gifts      11.90 USD
  Liabilities:American-Express      -11.90 USD

2014-12-05 * "Machiko"
  Expenses:Education      256.00 USD
  Assets:Banking:BofA:Checking      -256.00 USD

2014-12-05 * "Triangle Green Cleaning"
  Expenses:House:Cleaning      154.00 USD
  Assets:Banking:BofA:Checking      -154.00 USD

2014-12-05 * "Brier Creek Country Club"
  Expenses:House:Homeowners-Dues      155.74 USD
  Assets:Banking:BofA:Checking      -155.74 USD

2014-12-05 * "Reinvest Dividend"
  Assets:Investments:Vanguard:Todd:TradIRA:DRIP:BND      0.0210 BND { 84.28571429 USD } 
  Income:DRIPs:IRA-Traditional:BND      -1.77 USD

2014-12-05 * "Reinvest Dividend Trad-IRA TIP"
  Assets:Investments:Vanguard:Todd:TradIRA:DRIP:TIP      0.0080 TIP { 108.75 USD } 
  Income:DRIPs:IRA-Traditional:TIP      -0.87 USD

2014-12-05 * "Reinvest-Dividend"
  Assets:Investments:Vanguard:Todd:RothIRA:DRIP:BND      0.0090 BND { 78.88888889 USD } 
  Income:DRIPs:IRA-Roth:BND      -0.71 USD

2014-12-05 * "Reinvest-Dividend"
  Assets:Investments:Vanguard:Todd:RothIRA:DRIP:TIP      0.0030 TIP { 103.33333333 USD } 
  Income:DRIPs:IRA-Roth:TIP      -0.31 USD

2014-12-05 * "0045526 AUTO FUEL DISPENSER"
  Expenses:Auto:Gas      32.87 USD
  Liabilities:American-Express      -32.87 USD

2014-12-06 * "042507020029198281589"
  Expenses:Groceries      125.02 USD
  Liabilities:American-Express      -125.02 USD

2014-12-06 * "042507020059198281589"
  Expenses:Groceries      25.83 USD
  Liabilities:American-Express      -25.83 USD

2014-12-06 * "WINE 9RALEIGH"
  Expenses:Auto:Gas      43.55 USD
  Liabilities:American-Express      -43.55 USD

2014-12-06 * "6727944734 9704542722"
  Expenses:Charity      100.00 USD
  Liabilities:American-Express      -100.00 USD

2014-12-07 * "32173924341 SHOE STORE"
  Expenses:Gifts      26.69 USD
  Liabilities:American-Express      -26.69 USD

2014-12-08 * "Interest Earned"
  Assets:Banking:BofA:Savings-Giving      0.01 USD
  Income:Interest:Savings      -0.01 USD

2014-12-08 * "CHECKCARD 1205 JC RAULSTON ARBOR"
  Expenses:Education      14.00 USD
  Assets:Banking:BofA:Checking      -14.00 USD

2014-12-08 * "Interest Earned"
  Assets:Banking:BofA:Checking      0.14 USD
  Income:Interest:Checking      -0.14 USD

2014-12-08 * "WHOLEFDS NRL 1 12/06 #000573911"
  Expenses:Groceries      141.36 USD
  Assets:Banking:BofA:Checking      -141.36 USD

2014-12-08 * "CR ADJ FOR BILLING INQUIR"
  Liabilities:American-Express      0.07 USD
  Expenses:Miscellaneous      -0.07 USD

2014-12-09 * "00716454 DISCOUNT STORE"
  Expenses:Household      12.21 USD
  Liabilities:American-Express      -12.21 USD

2014-12-09 * "01575540 DISCOUNT STORE"
  Expenses:Household      6.63 USD
  Liabilities:American-Express      -6.63 USD

2014-12-10 * "85185644344919-852-1322"
  Expenses:Dental      372.00 USD
  Liabilities:American-Express      -372.00 USD

2014-12-11 * "CHECKCARD 1209 MAYNARD CROSSING"
  Expenses:Miscellaneous      32.85 USD
  Assets:Banking:BofA:Checking      -32.85 USD

2014-12-11 * "CITY OF RALEIGH Bill Payment"
  Expenses:Utilities:Water      77.00 USD
  Assets:Banking:BofA:Checking      -77.00 USD

2014-12-11 * "Wendy Wang"
  Expenses:Education      25.00 USD
  Assets:Banking:BofA:Checking      -25.00 USD

2014-12-11 * "Check 3293"
  Expenses:Education      25.00 USD
  Assets:Banking:BofA:Checking      -25.00 USD

2014-12-11 * "000043060 9192930100"
  Expenses:Dining      8.23 USD
  Liabilities:American-Express      -8.23 USD

2014-12-11 * "042007060049198168830"
  Expenses:Groceries      180.91 USD
  Liabilities:American-Express      -180.91 USD

2014-12-11 * "9197675971 APPLE ONLINE STORES"
  Expenses:Gifts      106.30 USD
  Liabilities:American-Express      -106.30 USD

2014-12-12 * "DUKE ENERGY PROGRESS Bill Paymen"
  Expenses:Utilities:Electric      102.21 USD
  Assets:Banking:BofA:Checking      -102.21 USD

2014-12-12 * "TIME WARNER CABLE RALEIGH DURHAM"
  Expenses:Utilities:TV-Internet      90.81 USD
  Assets:Banking:BofA:Checking      -90.81 USD

2014-12-13 * "000051767 8284180140"
  Expenses:Groceries      17.83 USD
  Liabilities:American-Express      -17.83 USD

2014-12-13 * "0328 201412 WOMEN'S CLOTHING"
  Liabilities:American-Express      57.00 USD
  Expenses:Clothing      -57.00 USD

2014-12-13 * "055518076 MISC HOME FURNISHINGS"
  Expenses:Household      17.27 USD
  Liabilities:American-Express      -17.27 USD

2014-12-14 * "Tax Payment"
  Expenses:Taxes:Property      5918.28 USD
  Assets:Banking:Mortgage-Escrow      -5918.28 USD

2014-12-14 * "Interest"
  Assets:Banking:BofA:Money-Market      0.01 USD
  Income:Interest:Savings      -0.01 USD

2014-12-14 * "000022266 8284180140"
  Expenses:Groceries      80.01 USD
  Liabilities:American-Express      -80.01 USD

2014-12-14 * "10156320141 9194698009"
  Expenses:Dining      2.03 USD
  Liabilities:American-Express      -2.03 USD

2014-12-14 * "10156320141 9194698009"
  Expenses:Dining      33.15 USD
  Liabilities:American-Express      -33.15 USD

2014-12-14 * "78830016 919-572-9090"
  Expenses:Gifts      20.00 USD
  Liabilities:American-Express      -20.00 USD

2014-12-14 * "BXWPI5NO4KY BOOK STORES"
  Expenses:Gifts      77.96 USD
  Liabilities:American-Express      -77.96 USD

2014-12-15 * "RALEIGH RADIOLOG DES:DIRECT DEP"
  Assets:Banking:BofA:Checking      8043.04 USD
  Income:RalRad:Salary      -8043.04 USD

2014-12-15 * "Brier Creek Country Club"
  Expenses:House:Homeowners-Dues      796.00 USD
  Assets:Banking:BofA:Checking      -796.00 USD

2014-12-15 * "000051829 8284180140"
  Expenses:Gifts      2.55 USD
  Liabilities:American-Express      -2.55 USD

2014-12-15 * "MJZ7732 919-881-9596"
  Expenses:Auto:Gas      26.51 USD
  Liabilities:American-Express      -26.51 USD

2014-12-15 * "PJZ1118 919-881-9596"
  Expenses:Auto:Gas      45.59 USD
  Liabilities:American-Express      -45.59 USD

2014-12-16 * "Triangle Green Cleaning"
  Expenses:House:Cleaning      154.00 USD
  Assets:Banking:BofA:Checking      -154.00 USD

2014-12-16 * "49970043 919-834-4040"
  Expenses:Entertainment      27.76 USD
  Liabilities:American-Express      -27.76 USD

2014-12-16 * "9198721999"
  Expenses:Auto:Maintenance      1279.57 USD
  Liabilities:American-Express      -1279.57 USD

2014-12-17 * "CHECKCARD 1215 RALEIGH PARKING M"
  Expenses:Auto:Parking      1.00 USD
  Assets:Banking:BofA:Checking      -1.00 USD

2014-12-17 * "CHECKCARD 1215 TOWN OF CARY-PARK"
  Expenses:Education      89.00 USD
  Assets:Banking:BofA:Checking      -89.00 USD

2014-12-17 * "CHECKCARD 1216 HITTO SALON 2 CAR"
  Expenses:Haircut      33.00 USD
  Assets:Banking:BofA:Checking      -33.00 USD

2014-12-17 * "10156320141 9198299999"
  Expenses:Dining      43.20 USD
  Liabilities:American-Express      -43.20 USD

2014-12-18 * "ALLSTATE INSURANCE Bill Payment"
  Expenses:Insurance:Auto      456.51 USD
  Assets:Banking:BofA:Checking      -456.51 USD

2014-12-18 * "long term capital gain"
  Assets:Investments:Vanguard:Lara-Trad-IRA-Brok:FESGX      10.2230 FESGX { 50.04890932 USD } 
  Income:CapitalGainLong:NonTaxable      -511.65 USD

2014-12-18 * "short term capital gain"
  Assets:Investments:Vanguard:Lara-Trad-IRA-Brok:FESGX      0.8270 FESGX { 50.0362757 USD } 
  Income:CapitalGainShort:NonTaxable      -41.38 USD

2014-12-18 * "long term capital gain"
  Assets:Investments:Vanguard:Lara:RothIRA-Brokerage:FESGX      13.0900 FESGX { 50.05042017 USD } 
  Income:CapitalGainLong      -655.16 USD

2014-12-18 * "short term capital gain"
  Assets:Investments:Vanguard:Lara:RothIRA-Brokerage:FESGX      1.0590 FESGX { 50.02832861 USD } 
  Income:CapitalGainShort      -52.98 USD

2014-12-18 * "000022856 8284180140"
  Expenses:Groceries      3.94 USD
  Liabilities:American-Express      -3.94 USD

2014-12-18 * "RQVKNO FAST FOOD RESTAURANT"
  Expenses:Dining      6.03 USD
  Liabilities:American-Express      -6.03 USD

2014-12-19 * "Reinvest Dividend"
  Assets:Investments:Vanguard:Joint:DRIP:VTIAX      133.0180 VTIAX { 26.11007533 USD } 
  Income:DRIPs:Taxable:VTIAX      -3473.11 USD

2014-12-19 * "Reinvest Dividend"
  Assets:Investments:Vanguard:Joint:DRIP:VTSAX      121.1970 VTSAX { 51.75986204 USD } 
  Income:DRIPs:Taxable:VTSAX      -6273.14 USD

2014-12-19 * "Reinvest Dividend"
  Assets:Investments:Vanguard:Todd:TradIRA:DRIP:VGSLX      12.9720 VGSLX { 114.73558434 USD } 
  Income:DRIPs:IRA-Traditional:VGSLX      -1488.35 USD

2014-12-19 * "Reinvest Dividend"
  Assets:Investments:Vanguard:Todd:RothIRA:DRIP:VGSLX      4.4130 VGSLX { 114.73374122 USD } 
  Income:DRIPs:IRA-Roth:VGSLX      -506.32 USD

2014-12-19 * "042807220069193540350"
  Expenses:Groceries      270.83 USD
  Liabilities:American-Express      -270.83 USD

2014-12-19 * "26775884 402-935-7733"
  Expenses:Charity      35.00 USD
  Liabilities:American-Express      -35.00 USD

2014-12-20 * "00772054 DISCOUNT STORE"
  Expenses:Household      61.81 USD
  Liabilities:American-Express      -61.81 USD

2014-12-20 * "RQ4CKC 8774174551"
  Expenses:Dining      6.68 USD
  Liabilities:American-Express      -6.68 USD

2014-12-21 * "CRAFT"
  Expenses:Gifts      8.40 USD
  Liabilities:American-Express      -8.40 USD

2014-12-21 * "521088 BICYCLE SHOP"
  Expenses:Hobbies      13.87 USD
  Liabilities:American-Express      -13.87 USD

2014-12-21 * "531589 BICYCLE SHOP"
  Expenses:Hobbies      552.94 USD
  Liabilities:American-Express      -552.94 USD

2014-12-22 * "CHECKCARD 1220 HITTO SALON 2 CAR"
  Expenses:Haircut      24.00 USD
  Assets:Banking:BofA:Checking      -24.00 USD

2014-12-22 * "10156320141 9194698009"
  Expenses:Dining      4.09 USD
  Liabilities:American-Express      -4.09 USD

2014-12-22 * "10156320141 9194698009"
  Expenses:Dining      30.88 USD
  Liabilities:American-Express      -30.88 USD

2014-12-22 * "F4EFED9 RE 1 (888) 955-5455"
  Expenses:Charity      100.00 USD
  Liabilities:American-Express      -100.00 USD

2014-12-23 * "T MOBILITY Bill Payment"
  Expenses:Utilities:Phone      110.34 USD
  Assets:Banking:BofA:Checking      -110.34 USD

2014-12-23 * "115164852 SERVICES"
  Expenses:Medical      48.01 USD
  Liabilities:American-Express      -48.01 USD

2014-12-23 * "99999994357 8002892273"
  Expenses:Household      4.05 USD
  Liabilities:American-Express      -4.05 USD

2014-12-24 * "000273548 9196213281"
  Expenses:Dining      4.72 USD
  Liabilities:American-Express      -4.72 USD

2014-12-24 * "4575989779 704-333-0008"
  Expenses:Dining      84.65 USD
  Liabilities:American-Express      -84.65 USD

2014-12-24 * "DRY CLEANER"
  Expenses:Dry-Cleaning      31.61 USD
  Liabilities:American-Express      -31.61 USD

2014-12-25 * "223066568 9193615300"
  Expenses:Auto:Gas      38.61 USD
  Liabilities:American-Express      -38.61 USD

2014-12-25 * "35933050 706-733-1243"
  Expenses:Auto:Gas      37.46 USD
  Liabilities:American-Express      -37.46 USD

2014-12-25 * "RRNO7L FAST FOOD RESTAURANT"
  Expenses:Dining      9.49 USD
  Liabilities:American-Express      -9.49 USD

2014-12-26 * "interest on cash"
  Assets:Investments:Etrade:Cash      0.03 USD
  Income:Interest:Etrade      -0.03 USD

2014-12-29 * "Triangle Green Cleaning"
  Expenses:House:Cleaning      154.00 USD
  Assets:Banking:BofA:Checking      -154.00 USD

2014-12-29 * "Home Team Pest Defense"
  Expenses:Household      99.50 USD
  Assets:Banking:BofA:Checking      -99.50 USD

2014-12-29 * "042807340057623330259"
  Expenses:Dining      29.20 USD
  Liabilities:American-Express      -29.20 USD

2014-12-29 * "0802524 800-843-4298"
  Expenses:Auto:Gas      41.47 USD
  Liabilities:American-Express      -41.47 USD

2014-12-30 * "BENEFITWALLET DES:HSA-FUND ID:18"
  Assets:HSA:Benefit-Wallet      3724.94 USD
  Assets:Banking:BofA:Checking      -3724.94 USD

2014-12-30 * "Reinvest Dividend"
  Assets:Investments:Vanguard:Todd:TradIRA:DRIP:BND      0.0130 BND { 81.53846154 USD } 
  Income:DRIPs:IRA-Traditional:BND      -1.06 USD

2014-12-30 * "Reinvest Dividend"
  Assets:Investments:Vanguard:Todd:TradIRA:DRIP:BND      0.0150 BND { 81.33333333 USD } 
  Income:DRIPs:IRA-Traditional:BND      -1.22 USD

2014-12-30 * "Reinvest Dividend"
  Assets:Investments:Vanguard:Todd:TradIRA:DRIP:BND      0.0220 BND { 81.81818182 USD } 
  Income:DRIPs:IRA-Traditional:BND      -1.80 USD

2014-12-30 * "Reinvest-Dividend"
  Assets:Investments:Vanguard:Todd:RothIRA:DRIP:BND      0.0050 BND { 84.00 USD } 
  Income:DRIPs:IRA-Roth:BND      -0.42 USD

2014-12-30 * "Reinvest-Dividend"
  Assets:Investments:Vanguard:Todd:RothIRA:DRIP:BND      0.0060 BND { 81.66666667 USD } 
  Income:DRIPs:IRA-Roth:BND      -0.49 USD

2014-12-30 * "Reinvest-Dividend"
  Assets:Investments:Vanguard:Todd:RothIRA:DRIP:BND      0.0090 BND { 80.00 USD } 
  Income:DRIPs:IRA-Roth:BND      -0.72 USD

2014-12-30 * "042907020019198281589"
  Expenses:Groceries      291.81 USD
  Liabilities:American-Express      -291.81 USD

2014-12-30 * "MJ6V45ZW70 ITUNES MUSIC STORE"
  Expenses:Computer      0.99 USD
  Liabilities:American-Express      -0.99 USD

2014-12-31 * "Online scheduled transfer to Sav"
  Assets:Banking:BofA:Savings-Giving      1000.00 USD
  Assets:Banking:BofA:Checking      -1000.00 USD

2014-12-31 * "BKOFAMERICA MOBILE 12/31 3324400"
  Assets:Banking:BofA:Checking      2673.61 USD
  Expenses:Medical      -2673.61 USD

2014-12-31 * "BKOFAMERICA MOBILE 12/31 3324400"
  Assets:Banking:BofA:Checking      186.00 USD
  Expenses:Medical      -186.00 USD

2014-12-31 * "BKOFAMERICA MOBILE 12/31 3324400"
  Assets:Banking:BofA:Checking      186.00 USD
  Expenses:Medical      -186.00 USD

2014-12-31 * "RALEIGH RADIOLOG DES:DIRECT DEP"
  Assets:Banking:BofA:Checking      8043.02 USD
  Expenses:Taxes:Federal      3367.70 USD
  Expenses:Taxes:Medicare      192.96 USD
  Expenses:Taxes:State      711.00 USD
  Assets:Investments:Raleigh-Radiology-PSP      729.16 USD
  Expenses:Insurance:Health      281.81 USD
  Expenses:Taxes:Medicare-HI      119.77 USD
  Expenses:DisabilityPlan      118.75 USD
  Expenses:PAC-Radiology      25.00 USD
  Income:RalRad:Salary      -13589.17 USD

2014-12-31 * "RALEIGH IMAGING DES:DISTRIB ID:4"
  Assets:Banking:BofA:Checking      49200.00 USD
  Income:RalRad:Distribution      -49200.00 USD

2014-12-31 * "RALEIGH RADIOLOG DES:DIRECT DEP"
  Assets:Banking:BofA:Checking      6015.87 USD
  Expenses:Taxes:Federal      33067.27 USD
  Expenses:Taxes:Medicare      680.25 USD
  Expenses:Taxes:State      6728.00 USD
  Assets:Investments:Raleigh-Radiology-PSP      0.0 
  Expenses:Insurance:Health      0.0 
  Expenses:Taxes:Medicare-HI      422.22 USD
  Expenses:DisabilityPlan      0.0 
  Expenses:PAC-Radiology      0.0 
  Expenses:Taxes:Social-Security      0.0 
  Income:RalRad:Bonus      -46913.61 USD

2014-12-31 * "Monthly Interest Paid"
  Assets:Banking:Capital-One:Savings:Joint      12.79 USD
  Income:Interest:Savings      -12.79 USD

2015-07-20 * ""
  Assets:Investments:Etrade:Cash      0.0 

2014-12-31 * "Monthly Interest Paid"
  Assets:Banking:Capital-One:Savings:Kids      2.01 USD
  Income:Interest:Savings      -2.01 USD

2014-12-31 * "Reinvest-Dividend"
  Assets:Investments:Vanguard:Joint:DRIP:VWIUX      21.6990 VWIUX { 14.27024287 USD } 
  Income:DRIPs:Taxable:VWIUX      -309.65 USD

2014-12-31 * "distribution"
  Assets:Medical-Mutual      337.68 USD
  Income:Distribution-Medical-Mutual      -337.68 USD

2014-12-31 * "229016571 9193615300"
  Expenses:Auto:Gas      30.01 USD
  Liabilities:American-Express      -30.01 USD

2015-01-01 * "000013110 8284180140"
  Expenses:Groceries      9.28 USD
  Liabilities:American-Express      -9.28 USD

2015-01-01 * "00760719 DISCOUNT STORE"
  Expenses:Household      43.27 USD
  Liabilities:American-Express      -43.27 USD

2015-01-02 * "CHECKCARD 1230 HOMESCHOOL GATHER"
  Expenses:Education      15.58 USD
  Assets:Banking:BofA:Checking      -15.58 USD

2015-01-02 * "Bank of America DES:MORTGAGE ID:"
  Expenses:Mortgage-Interest      636.77 USD
  Assets:Banking:Mortgage-Escrow      605.51 USD
  Liabilities:Mortgage      848.49 USD
  Assets:Banking:BofA:Checking      -2090.77 USD

2015-01-02 * "Elizabeth Tunnels"
  Expenses:Education      2.50 USD
  Assets:Banking:BofA:Checking      -2.50 USD

2015-01-02 * "ELECTRONIC PAYMENT RECEIVED-THA"
  Liabilities:American-Express      6514.16 USD
  Assets:Banking:BofA:Checking      -6514.16 USD

2015-01-02 * "00830035 DISCOUNT STORE"
  Expenses:Household      6.92 USD
  Liabilities:American-Express      -6.92 USD

2015-01-02 * "85180895002100211820209 27519"
  Expenses:Charity      500.00 USD
  Liabilities:American-Express      -500.00 USD

2014-12-14 * ""
  Assets:Medical-Mutual      4159.62 USD
  Income:Distribution-Medical-Mutual      -4159.62 USD

2015-01-03 * "NOBLE #2171RALEIGH"
  Expenses:Gifts      5.08 USD
  Liabilities:American-Express      -5.08 USD

2015-01-03 * "NOBLE #2171RALEIGH"
  Expenses:Gifts      3.50 USD
  Liabilities:American-Express      -3.50 USD

2015-01-03 * "042207060049198168830"
  Expenses:Groceries      58.80 USD
  Liabilities:American-Express      -58.80 USD

2015-01-03 * "042207060049198168830"
  Expenses:Groceries      4.09 USD
  Liabilities:American-Express      -4.09 USD

2015-01-03 * "58489173 402-935-7733"
  Expenses:Groceries      74.98 USD
  Liabilities:American-Express      -74.98 USD

2015-01-03 * "REC RALEIGH"
  Expenses:Education      21.00 USD
  Liabilities:American-Express      -21.00 USD

2015-01-04 * "81250036 919-833-1120"
  Expenses:Dining      9.08 USD
  Liabilities:American-Express      -9.08 USD

2015-01-04 * "Bank of America DES:MORTGAGE ID:"
  Expenses:Mortgage-Interest      476.24 USD
  Assets:Banking:Mortgage-Escrow      701.61 USD
  Liabilities:Mortgage      782.36 USD
  Assets:Banking:BofA:Checking      -1960.21 USD

2015-01-05 * "CHECKCARD 0101 GRACEFUL EXPRESSI"
  Expenses:Dance      117.00 USD
  Assets:Banking:BofA:Checking      -117.00 USD

2015-01-05 * "PSNC ENERGY Bill Payment"
  Expenses:Utilities:Gas      133.33 USD
  Assets:Banking:BofA:Checking      -133.33 USD

2015-01-05 * "Interest"
  Assets:HSA:Benefit-Wallet      0.74 USD
  Income:Interest:HSA      -0.74 USD

2015-01-05 * "919-657-0657"
  Expenses:Dining      21.93 USD
  Liabilities:American-Express      -21.93 USD

2015-01-06 * "Online Banking payment to MTG 49"
  Liabilities:Mortgage      20000.00 USD
  Assets:Banking:BofA:Checking      -20000.00 USD

2015-01-06 * "00765832 DISCOUNT STORE"
  Expenses:Household      66.79 USD
  Liabilities:American-Express      -66.79 USD

2015-01-06 * "01577977 DISCOUNT STORE"
  Expenses:Household      3.50 USD
  Liabilities:American-Express      -3.50 USD

2015-01-06 * "6810673750 9704542722"
  Expenses:Charity      100.00 USD
  Liabilities:American-Express      -100.00 USD

2015-01-07 * "Interest Earned"
  Assets:Banking:BofA:Savings-Giving      0.02 USD
  Income:Interest:Savings      -0.02 USD

2015-01-07 * "Interest Earned"
  Assets:Banking:BofA:Checking      0.17 USD
  Income:Interest:Checking      -0.17 USD

2015-01-07 * "VANGUARD BUY DES:INVESTMENT ID:X"
  Assets:Investments:Vanguard:Joint:VMMXX      40000.0000 VMMXX { 1.00 USD } 
  Assets:Banking:BofA:Checking      -40000.00 USD

2015-01-07 * "Brier Creek Country Club"
  Expenses:House:Homeowners-Dues      145.00 USD
  Assets:Banking:BofA:Checking      -145.00 USD

2015-01-07 * "Smart Room Studio"
  Expenses:Education:Art      100.00 USD
  Assets:Banking:BofA:Checking      -100.00 USD

2015-01-07 * "042607040059199681983"
  Expenses:Groceries      239.03 USD
  Liabilities:American-Express      -239.03 USD

2015-01-07 * "IO34NS58PUB BOOK STORES"
  Expenses:Education      5.10 USD
  Liabilities:American-Express      -5.10 USD

2015-01-07 * "MJ6WBDS4S0 ITUNES MUSIC STORE"
  Expenses:Entertainment:Music-Movies      4.26 USD
  Liabilities:American-Express      -4.26 USD

2015-01-08 * "Protective Life"
  Expenses:Insurance:Life      790.00 USD
  Assets:Banking:BofA:Checking      -790.00 USD

2015-01-08 * "0062367 919-781-5259"
  Expenses:Auto:Gas      41.06 USD
  Liabilities:American-Express      -41.06 USD

2015-01-09 * "CITY OF RALEIGH Bill Payment"
  Expenses:Utilities:Water      77.00 USD
  Assets:Banking:BofA:Checking      -77.00 USD

2015-01-10 * "042907220039193540350"
  Expenses:Groceries      49.18 USD
  Liabilities:American-Express      -49.18 USD

2015-01-10 * "REC RALEIGH"
  Expenses:Education      5.00 USD
  Liabilities:American-Express      -5.00 USD

2015-01-11 * "NOBLE #2171RALEIGH"
  Expenses:Dining      3.50 USD
  Liabilities:American-Express      -3.50 USD

2015-01-11 * "00795355 DISCOUNT STORE"
  Expenses:Household      24.46 USD
  Liabilities:American-Express      -24.46 USD

2015-01-11 * "10156320150 9194698009"
  Expenses:Dining      33.15 USD
  Liabilities:American-Express      -33.15 USD

2015-01-12 * "CHECKCARD 0108 HOMESCHOOL GATHER"
  Expenses:Education      51.56 USD
  Assets:Banking:BofA:Checking      -51.56 USD

2015-01-12 * "Wendy Wang"
  Expenses:Education:Chinese      25.00 USD
  Assets:Banking:BofA:Checking      -25.00 USD

2015-01-12 * "042107220029193540350"
  Expenses:Groceries      255.70 USD
  Liabilities:American-Express      -255.70 USD

2015-01-13 * "Triangle Green Cleaning"
  Expenses:House:Cleaning      154.00 USD
  Assets:Banking:BofA:Checking      -154.00 USD

2015-01-13 * "Raleigh-Radiology contribution"
  Assets:HSA:Benefit-Wallet      1350.00 USD
  Income:HSA-Contribution-RRA      -1350.00 USD

2015-01-13 * "205706108-2 SHOES"
  Expenses:Clothing      101.41 USD
  Liabilities:American-Express      -101.41 USD

2015-01-14 * "DUKE ENERGY PROGRESS Bill Paymen"
  Expenses:Utilities:Electric      105.93 USD
  Assets:Banking:BofA:Checking      -105.93 USD

2015-01-14 * "TIME WARNER CABLE RALEIGH DURHAM"
  Expenses:Utilities:TV-Internet      90.81 USD
  Assets:Banking:BofA:Checking      -90.81 USD

2015-01-14 * "013001000 9198762943"
  Expenses:Auto:Gas      27.41 USD
  Liabilities:American-Express      -27.41 USD

2015-01-14 * "MJ6YZ0MW20 ITUNES MUSIC STORE"
  Expenses:Entertainment:Music-Movies      3.19 USD
  Liabilities:American-Express      -3.19 USD

2015-01-15 * "RALEIGH RADIOLOG DES:DIRECT DEP7361.90"
  Assets:Banking:BofA:Checking      7361.90 USD
  Expenses:Taxes:Federal      3347.93 USD
  Expenses:Taxes:Medicare      193.26 USD
  Expenses:Taxes:State      705.00 USD
  Assets:Investments:Raleigh-Radiology-PSP      750.00 USD
  Expenses:Insurance:Health      281.81 USD
  Expenses:Taxes:Medicare-HI      0.0 
  Expenses:DisabilityPlan      118.75 USD
  Expenses:PAC-Radiology      25.00 USD
  Expenses:Taxes:Social-Security      826.35 USD
  Income:RalRad:Salary      -13610.00 USD

2015-01-15 * "Buy"
  Assets:Investments:Vanguard:Joint:VWIUX      2773.9250 VWIUX { 14.420000540750019 USD } 
  Assets:Investments:Vanguard:Joint:VMMXX      -40000.0000 VMMXX { 1.00 USD } 

2015-01-15 * "000038215 8284180140"
  Expenses:Groceries      10.66 USD
  Liabilities:American-Express      -10.66 USD

2015-01-16 * "042501120069194604326"
  Expenses:Groceries      28.63 USD
  Liabilities:American-Express      -28.63 USD

2015-01-16 * "205822100-2 SHOES"
  Expenses:Clothing      101.41 USD
  Liabilities:American-Express      -101.41 USD

2015-01-17 * "000038383 8284180140"
  Expenses:Groceries      10.54 USD
  Liabilities:American-Express      -10.54 USD

2015-01-18 * "CRAFT"
  Expenses:Arts-Crafts      23.46 USD
  Liabilities:American-Express      -23.46 USD

2015-01-18 * "042707220049193540350"
  Expenses:Groceries      235.21 USD
  Liabilities:American-Express      -235.21 USD

2015-01-18 * "90651 919-486-4383"
  Expenses:Dining      17.42 USD
  Liabilities:American-Express      -17.42 USD

2015-01-18 * "90658 919-486-4383"
  Expenses:Dining      2.90 USD
  Liabilities:American-Express      -2.90 USD

2015-01-19 * "117093421 9193615300"
  Expenses:Auto:Gas      38.93 USD
  Liabilities:American-Express      -38.93 USD

2015-01-19 * "94243169 402-935-7733"
  Expenses:Charity      35.00 USD
  Liabilities:American-Express      -35.00 USD

2015-01-19 * "KUDAX4SA0LS MERCHANDISE"
  Expenses:Household      53.35 USD
  Liabilities:American-Express      -53.35 USD

2015-01-20 * "CHECKCARD 0117 HOMESCHOOL GATHER"
  Expenses:Education      52.04 USD
  Assets:Banking:BofA:Checking      -52.04 USD

2015-01-21 * "Dr. Chen"
  Expenses:Medical      85.00 USD
  Assets:Banking:BofA:Checking      -85.00 USD

2015-01-21 * "205706108-3 DIRECT MKTG MISC"
  Liabilities:American-Express      101.41 USD
  Expenses:Clothing      -101.41 USD

2015-01-21 * "9196603752"
  Expenses:Entertainment      3.00 USD
  Liabilities:American-Express      -3.00 USD

2015-01-22 * "T MOBILITY Bill Payment"
  Expenses:Utilities:Phone      110.60 USD
  Assets:Banking:BofA:Checking      -110.60 USD

2015-01-22 * "Weed Man"
  Expenses:Household      42.00 USD
  Assets:Banking:BofA:Checking      -42.00 USD

2015-01-22 * "Pest and Termites Consultants"
  Expenses:Household      110.00 USD
  Assets:Banking:BofA:Checking      -110.00 USD

2015-01-22 * "NOBLE #2171RALEIGH"
  Expenses:Groceries      9.53 USD
  Liabilities:American-Express      -9.53 USD

2015-01-22 * "042107220049193540350"
  Expenses:Groceries      149.12 USD
  Liabilities:American-Express      -149.12 USD

2015-01-23 * "Wendy Wang"
  Expenses:Education:Chinese      25.00 USD
  Assets:Banking:BofA:Checking      -25.00 USD

2015-01-23 * "Wendy Wang"
  Expenses:Education:Chinese      25.00 USD
  Assets:Banking:BofA:Checking      -25.00 USD

2015-01-23 * "Triangle Green Cleaning"
  Expenses:House:Cleaning      154.00 USD
  Assets:Banking:BofA:Checking      -154.00 USD

2015-01-23 * "04712430 402-935-7733"
  Expenses:Computer      25.00 USD
  Liabilities:American-Express      -25.00 USD

2015-01-25 * "042407220089193540350"
  Expenses:Groceries      107.53 USD
  Liabilities:American-Express      -107.53 USD

2015-01-25 * "10156320150 9194698009"
  Expenses:Dining      32.40 USD
  Liabilities:American-Express      -32.40 USD

2015-01-26 * "VANGUARD BUY DES:INVESTMENT ID:X"
  Assets:Investments:Vanguard:Joint:VMMXX      10000.0000 VMMXX { 1.00 USD } 
  Assets:Banking:BofA:Checking      -10000.00 USD

2015-01-26 * "interest on cash"
  Assets:Investments:Etrade:Cash      0.03 USD
  Income:Interest:Etrade      -0.03 USD

2015-01-27 * "00793709 DISCOUNT STORE"
  Expenses:Household      25.76 USD
  Liabilities:American-Express      -25.76 USD

2015-01-27 * "BNKVMIX6N59 MERCHANDISE"
  Expenses:Household      40.54 USD
  Liabilities:American-Express      -40.54 USD

2015-01-28 * "Benefit Wallet"
  Assets:HSA:Benefit-Wallet      918.61 USD
  Assets:Banking:BofA:Checking      -918.61 USD

2015-01-28 * "00767783 DISCOUNT STORE"
  Expenses:Household      14.39 USD
  Liabilities:American-Express      -14.39 USD

2015-01-28 * "0582601 AUTO FUEL DISPENSER"
  Expenses:Auto:Gas      35.42 USD
  Liabilities:American-Express      -35.42 USD

2015-01-28 * "9198470500"
  Expenses:Dental      93.60 USD
  Liabilities:American-Express      -93.60 USD

2015-01-29 * "CHECKCARD 0128 ASHA 3 800-498-20"
  Expenses:Education      225.00 USD
  Assets:Banking:BofA:Checking      -225.00 USD

2015-01-29 * "CHECKCARD 0129 DMV VEHICLE REG R"
  Expenses:Auto:Fees      237.76 USD
  Assets:Banking:BofA:Checking      -237.76 USD

2015-01-29 * "Buy"
  Assets:Investments:Vanguard:Joint:VWIUX      693.0010 VWIUX { 14.429993607512833 USD } 
  Assets:Investments:Vanguard:Joint:VMMXX      -10000.0000 VMMXX { 1.00 USD } 

2015-01-29 * "000293772 9999999999"
  Expenses:Auto:Gas      30.32 USD
  Liabilities:American-Express      -30.32 USD

2015-01-29 * "042807220049193540350"
  Expenses:Groceries      235.76 USD
  Liabilities:American-Express      -235.76 USD

2015-01-29 * "06255738 919-832-5907"
  Expenses:Auto:Fees      30.00 USD
  Liabilities:American-Express      -30.00 USD

2015-01-29 * "APP ST"
  Expenses:Entertainment:Music-Movies      6.39 USD
  Liabilities:American-Express      -6.39 USD

2015-01-30 * "Online scheduled transfer to Sav"
  Assets:Banking:BofA:Savings-Giving      1000.00 USD
  Assets:Banking:BofA:Checking      -1000.00 USD

2015-01-30 * "CHECKCARD 0129 QUALITY INSPECTIO"
  Expenses:Auto:Fees      30.00 USD
  Assets:Banking:BofA:Checking      -30.00 USD

2015-01-30 * "CHECKCARD 0130 DMV VEHICLE REG R"
  Expenses:Auto:Fees      179.93 USD
  Assets:Banking:BofA:Checking      -179.93 USD

2015-01-30 * "RALEIGH RADIOLOG DES:DIRECT DEP7361.90"
  Assets:Banking:BofA:Checking      8326.20 USD
  Expenses:Taxes:Federal      3941.93 USD
  Expenses:Taxes:Medicare      219.36 USD
  Expenses:Taxes:State      809.00 USD
  Assets:Investments:Raleigh-Radiology-PSP      750.00 USD
  Expenses:Insurance:Health      281.81 USD
  Expenses:Taxes:Medicare-HI      0.0 
  Expenses:DisabilityPlan      118.75 USD
  Expenses:PAC-Radiology      25.00 USD
  Expenses:Taxes:Social-Security      937.95 USD
  Income:RalRad:Salary      -15410.00 USD

2015-01-30 * "NWF"
  Expenses:Entertainment      15.00 USD
  Assets:Banking:BofA:Checking      -15.00 USD

2015-01-30 * "Reinvest-Dividend"
  Assets:Investments:Vanguard:Joint:DRIP:VMMXX      0.1000 VMMXX { 1.00 USD } 
  Income:DRIPs:Taxable:VMMXX      -0.10 USD

2015-01-30 * "Reinvest-Dividend"
  Assets:Investments:Vanguard:Joint:DRIP:VWIUX      25.3460 VWIUX { 14.45001184 USD } 
  Income:DRIPs:Taxable:VWIUX      -366.25 USD

2015-01-30 * "00788166 DISCOUNT STORE"
  Expenses:Household      43.54 USD
  Liabilities:American-Express      -43.54 USD

2015-01-30 * "9198721999"
  Liabilities:American-Express      30.00 USD
  Expenses:Auto:Fees      -30.00 USD

2015-01-30 * "944203066 8005143849"
  Expenses:Entertainment      27.76 USD
  Liabilities:American-Express      -27.76 USD

2015-01-30 * "APP ST"
  Expenses:Computer      0.99 USD
  Liabilities:American-Express      -0.99 USD

2015-01-31 * "Monthly Interest Paid"
  Assets:Banking:Capital-One:Savings:Joint      12.80 USD
  Income:Interest:Savings      -12.80 USD

2015-01-31 * "Monthly Interest Paid"
  Assets:Banking:Capital-One:Savings:Kids      2.01 USD
  Income:Interest:Savings      -2.01 USD

2015-01-31 * "Interest Earned HSA"
  Assets:HSA:Benefit-Wallet      0.93 USD
  Income:Interest:HSA      -0.93 USD

2015-01-31 * "NOBLE #2171RALEIGH"
  Expenses:Dining      3.50 USD
  Liabilities:American-Express      -3.50 USD

2015-02-01 * "0131183002 919-881-9778"
  Expenses:Dining      102.82 USD
  Liabilities:American-Express      -102.82 USD

2015-02-01 * "042100690359197818776"
  Expenses:Groceries      16.77 USD
  Liabilities:American-Express      -16.77 USD

2015-02-01 * "23728761 402-935-7733"
  Expenses:Household      23.47 USD
  Liabilities:American-Express      -23.47 USD

2015-02-01 * "7669830844 520-790-2900"
  Expenses:Raleigh-Radiology      340.00 USD
  Liabilities:American-Express      -340.00 USD

2015-02-01 * "BNKDJMQSYER DIRECT MKTG MISC"
  Liabilities:American-Express      40.54 USD
  Expenses:Household      -40.54 USD

2015-02-02 * "EARTH FARE #14 01/31 #000518700"
  Expenses:Groceries      46.21 USD
  Assets:Banking:BofA:Checking      -46.21 USD

2015-02-02 * "Bank of America DES:MORTGAGE ID:"
  Expenses:Mortgage-Interest      586.82 USD
  Assets:Banking:Mortgage-Escrow      605.51 USD
  Liabilities:Mortgage      898.44 USD
  Assets:Banking:BofA:Checking      -2090.77 USD

2015-02-02 * "000040172 8284180140"
  Expenses:Groceries      26.66 USD
  Liabilities:American-Express      -26.66 USD

2015-02-02 * "85180895033100216269830 27519"
  Expenses:Charity      500.00 USD
  Liabilities:American-Express      -500.00 USD

2015-02-02 * "INV # 46982 919-510-9667"
  Expenses:Household      29.91 USD
  Liabilities:American-Express      -29.91 USD

2015-02-03 * "CHECKCARD 0131 HITTO SALON 2 CAR"
  Expenses:Haircut      35.00 USD
  Assets:Banking:BofA:Checking      -35.00 USD

2015-02-03 * "CHECKCARD 0202 GRACEFUL EXPRESSI"
  Expenses:Education      117.00 USD
  Assets:Banking:BofA:Checking      -117.00 USD

2015-02-03 * "PSNC ENERGY Bill Payment"
  Expenses:Utilities:Gas      183.76 USD
  Assets:Banking:BofA:Checking      -183.76 USD

2015-02-03 * "Smart Room Studio"
  Expenses:Education:Art      100.00 USD
  Assets:Banking:BofA:Checking      -100.00 USD

2015-02-03 * "ELECTRONIC PAYMENT RECEIVED-THA"
  Liabilities:American-Express      4876.09 USD
  Assets:Banking:BofA:Checking      -4876.09 USD

2015-02-03 * "042207220089193540350"
  Expenses:Groceries      64.10 USD
  Liabilities:American-Express      -64.10 USD

2015-02-03 * "RVE5RC squareup.com/receipts"
  Expenses:Dining      3.50 USD
  Liabilities:American-Express      -3.50 USD

2015-02-04 * "Interest Earned"
  Assets:Banking:BofA:Savings-Giving      0.02 USD
  Income:Interest:Savings      -0.02 USD

2015-02-04 * "CHECKCARD 0203 HITTO SALON 2 CAR"
  Expenses:Haircut      40.00 USD
  Assets:Banking:BofA:Checking      -40.00 USD

2015-02-04 * "Interest Earned"
  Assets:Banking:BofA:Checking      0.09 USD
  Income:Interest:Checking      -0.09 USD

2015-02-04 * "0620146 AUTO FUEL DISPENSER"
  Expenses:Auto:Gas      25.99 USD
  Liabilities:American-Express      -25.99 USD

2015-02-04 * "0620179 GAS STATION"
  Expenses:Auto:Gas      9.80 USD
  Liabilities:American-Express      -9.80 USD

2015-02-05 * "10156320150 9194698009"
  Expenses:Dining      9.69 USD
  Liabilities:American-Express      -9.69 USD

2015-02-05 * "10156320150 9194698009"
  Expenses:Dining      3.67 USD
  Liabilities:American-Express      -3.67 USD

2015-02-05 * "10156320150 9194698009"
  Expenses:Dining      21.40 USD
  Liabilities:American-Express      -21.40 USD

2015-02-05 * "APP ST"
  Expenses:Entertainment:Music-Movies      4.26 USD
  Liabilities:American-Express      -4.26 USD

2015-02-06 * "Brier Creek Country Club"
  Expenses:House:Homeowners-Dues      145.00 USD
  Assets:Banking:BofA:Checking      -145.00 USD

2015-02-06 * "Triangle Green Cleaning"
  Expenses:House:Cleaning      154.00 USD
  Assets:Banking:BofA:Checking      -154.00 USD

2015-02-06 * "Reinvest Dividend"
  Assets:Investments:Vanguard:Todd:TradIRA:DRIP:BND      0.0220 BND { 82.72727273 USD } 
  Income:DRIPs:IRA-Traditional:BND      -1.82 USD

2015-02-06 * "Reinvest-Dividend"
  Assets:Investments:Vanguard:Todd:RothIRA:DRIP:BND      0.0090 BND { 81.11111111 USD } 
  Income:DRIPs:IRA-Roth:BND      -0.73 USD

2015-02-06 * "GAME"
  Expenses:Gifts      20.47 USD
  Liabilities:American-Express      -20.47 USD

2015-02-06 * "39 RESTAURANT"
  Expenses:Dining      38.43 USD
  Liabilities:American-Express      -38.43 USD

2015-02-06 * "6897039416 9704542722"
  Expenses:Charity      100.00 USD
  Liabilities:American-Express      -100.00 USD

2015-02-06 * "DRY CLEANER"
  Expenses:Dry-Cleaning      24.63 USD
  Liabilities:American-Express      -24.63 USD

2015-02-06 * "R0835880040 COMPUTER STORE"
  Expenses:Household      221.70 USD
  Liabilities:American-Express      -221.70 USD

2015-02-07 * "000636046 7045438782"
  Expenses:Dining      61.16 USD
  Liabilities:American-Express      -61.16 USD

2015-02-07 * "057756322 877-957-3425"
  Expenses:Entertainment      6.50 USD
  Liabilities:American-Express      -6.50 USD

2015-02-07 * "DELUCA 000000CHARLOTTE"
  Expenses:Dining      6.03 USD
  Liabilities:American-Express      -6.03 USD

2015-02-07 * "DELUCA 000000CHARLOTTE"
  Expenses:Dining      9.74 USD
  Liabilities:American-Express      -9.74 USD

2015-02-07 * "FJWBTKOD4RO MERCHANDISE"
  Expenses:Education      62.66 USD
  Liabilities:American-Express      -62.66 USD

2015-02-08 * "01080355 DISCOUNT STORE"
  Expenses:Household      4.21 USD
  Liabilities:American-Express      -4.21 USD

2015-02-08 * "042707220059193540350"
  Expenses:Groceries      240.42 USD
  Liabilities:American-Express      -240.42 USD

2015-02-08 * "3368797250"
  Expenses:Education      140.00 USD
  Liabilities:American-Express      -140.00 USD

2015-02-08 * "3415-7608 GAS STATION"
  Expenses:Auto:Gas      31.94 USD
  Liabilities:American-Express      -31.94 USD

2015-02-10 * "Wendy Wang"
  Expenses:Education      25.00 USD
  Assets:Banking:BofA:Checking      -25.00 USD

2015-02-10 * "Wendy Wang"
  Expenses:Education      25.00 USD
  Assets:Banking:BofA:Checking      -25.00 USD

2015-02-10 * "Wendy Wang"
  Expenses:Education      25.00 USD
  Assets:Banking:BofA:Checking      -25.00 USD

2015-02-10 * "00756015 DISCOUNT STORE"
  Expenses:Household      28.15 USD
  Liabilities:American-Express      -28.15 USD

2015-02-10 * "042900690029197818776"
  Expenses:Groceries      13.20 USD
  Liabilities:American-Express      -13.20 USD

2015-02-10 * "NX7A2Q squareup.com/receipts"
  Expenses:Dining      3.50 USD
  Liabilities:American-Express      -3.50 USD

2015-02-11 * "CITY OF RALEIGH Bill Payment"
  Expenses:Utilities:Water      77.00 USD
  Assets:Banking:BofA:Checking      -77.00 USD

2015-02-12 * "042107220049193540350"
  Expenses:Groceries      70.92 USD
  Liabilities:American-Express      -70.92 USD

2015-02-12 * "04210722013 9193540350"
  Liabilities:American-Express      15.69 USD
  Expenses:Groceries      -15.69 USD

2015-02-12 * "85258255043919-327-2977"
  Expenses:Clothing      19.19 USD
  Liabilities:American-Express      -19.19 USD

2015-02-12 * "NYFYGE squareup.com/receipts"
  Expenses:Dining      4.09 USD
  Liabilities:American-Express      -4.09 USD

2015-02-13 * "RALEIGH RADIOLOG DES:DIRECT DEP"
  Assets:Banking:BofA:Checking      7361.91 USD
  Expenses:Taxes:Federal      3347.93 USD
  Expenses:Taxes:Medicare      193.26 USD
  Expenses:Taxes:State      705.00 USD
  Assets:Investments:Raleigh-Radiology-PSP      750.00 USD
  Expenses:Insurance:Health      281.81 USD
  Expenses:Taxes:Medicare-HI      0.0 
  Expenses:DisabilityPlan      118.75 USD
  Expenses:PAC-Radiology      25.00 USD
  Expenses:Taxes:Social-Security      826.34 USD
  Income:RalRad:Salary      -13610.00 USD

2015-02-13 * "DUKE ENERGY PROGRESS Bill Paymen"
  Expenses:Utilities:Electric      97.32 USD
  Assets:Banking:BofA:Checking      -97.32 USD

2015-02-13 * "TIME WARNER CABLE RALEIGH DURHAM"
  Expenses:Utilities:TV-Internet      90.90 USD
  Assets:Banking:BofA:Checking      -90.90 USD

2015-02-15 * "000116002 000-0000000"
  Expenses:Auto:Gas      21.32 USD
  Liabilities:American-Express      -21.32 USD

2015-02-15 * "0365940 AUTO FUEL DISPENSER"
  Expenses:Auto:Gas      30.34 USD
  Liabilities:American-Express      -30.34 USD

2015-02-15 * "042407020029198281589"
  Expenses:Groceries      216.73 USD
  Liabilities:American-Express      -216.73 USD

2015-02-15 * "24224435046 9193494419"
  Expenses:Dining      48.45 USD
  Liabilities:American-Express      -48.45 USD

2015-02-16 * "042507220019193540350"
  Expenses:Groceries      193.04 USD
  Liabilities:American-Express      -193.04 USD

2015-02-16 * "61854366 402-935-7733"
  Expenses:Groceries      94.97 USD
  Liabilities:American-Express      -94.97 USD

2015-02-17 * "BKOFAMERICA MOBILE 02/18 3334261"
  Assets:Banking:BofA:Checking      340.00 USD
  Expenses:Raleigh-Radiology      -340.00 USD

2015-02-17 * "CHECKCARD 0214 HITTO SALON 2 CAR"
  Expenses:Haircut      22.00 USD
  Assets:Banking:BofA:Checking      -22.00 USD

2015-02-17 * "Machiko"
  Expenses:Education:Piano      366.00 USD
  Assets:Banking:BofA:Checking      -366.00 USD

2015-02-18 * "APP ST"
  Expenses:Entertainment:Music-Movies      4.26 USD
  Liabilities:American-Express      -4.26 USD

2015-02-18 * "U73KRHZ0PEK MERCHANDISE"
  Expenses:Household      43.16 USD
  Liabilities:American-Express      -43.16 USD

2015-02-19 * "000017763 8284180140"
  Expenses:Groceries      35.61 USD
  Liabilities:American-Express      -35.61 USD

2015-02-19 * "NOBLE #2171RALEIGH"
  Expenses:Dining      3.50 USD
  Liabilities:American-Express      -3.50 USD

2015-02-19 * "68511205 402-935-7733"
  Expenses:Charity      35.00 USD
  Liabilities:American-Express      -35.00 USD

2015-02-20 * "Triangle Green Cleaning"
  Expenses:House:Cleaning      154.00 USD
  Assets:Banking:BofA:Checking      -154.00 USD

2015-02-20 * "306 Maite Vigil"
  Expenses:Dining      22.63 USD
  Liabilities:American-Express      -22.63 USD

2015-02-21 * "000937589 000-0000000"
  Expenses:Auto:Gas      19.57 USD
  Liabilities:American-Express      -19.57 USD

2015-02-21 * "042007020029198281589"
  Expenses:Groceries      43.24 USD
  Liabilities:American-Express      -43.24 USD

2015-02-21 * "9197078062"
  Expenses:Education      5.00 USD
  Liabilities:American-Express      -5.00 USD

2015-02-21 * "RXGYY6 squareup.com/receipts"
  Expenses:Dining      7.22 USD
  Liabilities:American-Express      -7.22 USD

2015-02-22 * "042107220029193540350"
  Expenses:Groceries      281.89 USD
  Liabilities:American-Express      -281.89 USD

2015-02-23 * "T MOBILITY Bill Payment"
  Expenses:Utilities:Phone      110.60 USD
  Assets:Banking:BofA:Checking      -110.60 USD

2015-02-23 * "00749392 DISCOUNT STORE"
  Expenses:Household      86.83 USD
  Liabilities:American-Express      -86.83 USD

2015-02-23 * "NZJTWU squareup.com/receipts"
  Expenses:Dining      3.50 USD
  Liabilities:American-Express      -3.50 USD

2015-02-24 * "022745890 919-677-6500"
  Expenses:Education      27.42 USD
  Liabilities:American-Express      -27.42 USD

2015-02-24 * "0698555 AUTO FUEL DISPENSER"
  Expenses:Auto:Gas      39.13 USD
  Liabilities:American-Express      -39.13 USD

2015-02-25 * "00826800 DISCOUNT STORE"
  Expenses:Household      6.39 USD
  Liabilities:American-Express      -6.39 USD

2015-02-25 * "042407220049193540350"
  Expenses:Groceries      78.85 USD
  Liabilities:American-Express      -78.85 USD

2015-02-25 * "APP ST"
  Expenses:Entertainment:Music-Movies      4.26 USD
  Liabilities:American-Express      -4.26 USD

2015-02-26 * "neomond"
  Expenses:Dining      20.19 USD
  Liabilities:American-Express      -20.19 USD

2015-02-27 * "Online scheduled transfer to Sav"
  Assets:Banking:BofA:Savings-Giving      1000.00 USD
  Assets:Banking:BofA:Checking      -1000.00 USD

2015-02-27 * "RALEIGH RADIOLOG DES:DIRECT DEP"
  Assets:Banking:BofA:Checking      7361.90 USD
  Expenses:Taxes:Federal      3347.93 USD
  Expenses:Taxes:Medicare      193.26 USD
  Expenses:Taxes:State      705.00 USD
  Assets:Investments:Raleigh-Radiology-PSP      750.00 USD
  Expenses:Insurance:Health      281.81 USD
  Expenses:Taxes:Medicare-HI      0.0 
  Expenses:DisabilityPlan      118.75 USD
  Expenses:PAC-Radiology      25.00 USD
  Expenses:Taxes:Social-Security      826.35 USD
  Income:RalRad:Salary      -13610.00 USD

2015-02-27 * "Reinvest-Dividend"
  Assets:Investments:Vanguard:Joint:DRIP:VWIUX      27.3690 VWIUX { 14.28002485 USD } 
  Income:DRIPs:Taxable:VWIUX      -390.83 USD

2015-02-27 * "042702360348004326111"
  Expenses:Groceries      25.91 USD
  Liabilities:American-Express      -25.91 USD

2015-02-27 * "04270236061 8004326111"
  Expenses:Groceries      3.25 USD
  Liabilities:American-Express      -3.25 USD

2015-02-27 * "60800086 919-530-0706"
  Expenses:Dining      39.26 USD
  Liabilities:American-Express      -39.26 USD

2015-02-27 * "APP ST"
  Expenses:Entertainment:Music-Movies      6.39 USD
  Liabilities:American-Express      -6.39 USD

2015-02-27 * "APP ST"
  Expenses:Computer      0.99 USD
  Liabilities:American-Express      -0.99 USD

2015-02-28 * "Monthly Interest Paid"
  Assets:Banking:Capital-One:Savings:Kids      1.82 USD
  Income:Interest:Savings      -1.82 USD

2015-02-28 * "Interest Earned HSA"
  Assets:HSA:Benefit-Wallet      0.89 USD
  Income:Interest:HSA      -0.89 USD

2015-02-28 * "10156320150 9194698009"
  Expenses:Dining      34.40 USD
  Liabilities:American-Express      -34.40 USD

2015-02-28 * "10156320150 9194698009"
  Liabilities:American-Express      2.13 USD
  Expenses:Dining      -2.13 USD

2015-02-28 * "RYGE5T squareup.com/receipts"
  Expenses:Dining      3.50 USD
  Liabilities:American-Express      -3.50 USD

2015-03-01 * "30P-2216427 877-769-7277"
  Expenses:Auto:Fees      20.00 USD
  Liabilities:American-Express      -20.00 USD

2015-03-01 * "9198470500"
  Expenses:Dental      2.80 USD
  Liabilities:American-Express      -2.80 USD

2015-03-02 * "CHECKCARD 0228 GRACEFUL EXPRESSI"
  Expenses:Education      117.00 USD
  Assets:Banking:BofA:Checking      -117.00 USD

2015-03-02 * "EARTH FARE #14 03/01 #000981600"
  Expenses:Groceries      49.93 USD
  Assets:Banking:BofA:Checking      -49.93 USD

2015-03-02 * "Bank of America DES:MORTGAGE ID:"
  Expenses:Mortgage-Interest      584.67 USD
  Assets:Banking:Mortgage-Escrow      701.61 USD
  Liabilities:Mortgage      900.59 USD
  Assets:Banking:BofA:Checking      -2186.87 USD

2015-03-02 * "00730231 DISCOUNT STORE"
  Expenses:Household      54.09 USD
  Liabilities:American-Express      -54.09 USD

2015-03-02 * "01243836 DISCOUNT STORE"
  Liabilities:American-Express      43.76 USD
  Expenses:Household      -43.76 USD

2015-03-02 * "042207220049193540350"
  Expenses:Groceries      194.91 USD
  Liabilities:American-Express      -194.91 USD

2015-03-02 * "042207220109193540350"
  Expenses:Groceries      4.10 USD
  Liabilities:American-Express      -4.10 USD

2015-03-02 * "85180895061100220393251 27519"
  Expenses:Charity      500.00 USD
  Liabilities:American-Express      -500.00 USD

2015-03-02 * "RYNBYW squareup.com/receipts"
  Expenses:Dining      11.53 USD
  Liabilities:American-Express      -11.53 USD

2015-03-03 * "AMERICAN EXPRESS Bill Payment"
  Liabilities:American-Express      3390.38 USD
  Assets:Banking:BofA:Checking      -3390.38 USD

2015-03-03 * "Smart Room Studio"
  Expenses:Education      100.00 USD
  Assets:Banking:BofA:Checking      -100.00 USD

2015-03-03 * "Monthly Interest Paid"
  Assets:Banking:Capital-One:Savings:Joint      11.57 USD
  Income:Interest:Savings      -11.57 USD

2015-03-04 * "042407220049193540350"
  Expenses:Groceries      15.39 USD
  Liabilities:American-Express      -15.39 USD

2015-03-04 * "1701-29218 9704542722"
  Expenses:Charity      3850.00 USD
  Liabilities:American-Express      -3850.00 USD

2015-03-04 * "INV # 10496 919-380-3210"
  Expenses:Household      42.63 USD
  Liabilities:American-Express      -42.63 USD

2015-03-04 * "RYVGES squareup.com/receipts"
  Expenses:Dining      3.50 USD
  Liabilities:American-Express      -3.50 USD

2015-03-05 * "CHECKCARD 0304 NO TEARS LEARNING"
  Expenses:Education      10.68 USD
  Assets:Banking:BofA:Checking      -10.68 USD

2015-03-05 * "PSNC ENERGY Bill Payment"
  Expenses:Utilities:Gas      196.16 USD
  Assets:Banking:BofA:Checking      -196.16 USD

2015-03-05 * "Weed Man"
  Expenses:Household      42.00 USD
  Assets:Banking:BofA:Checking      -42.00 USD

2015-03-05 * "0164442 AUTO FUEL DISPENSER"
  Expenses:Auto:Gas      33.28 USD
  Liabilities:American-Express      -33.28 USD

2015-03-05 * "113488 336-736-8628"
  Expenses:Dining      35.31 USD
  Liabilities:American-Express      -35.31 USD

2015-03-05 * "6978101175 9704542722"
  Expenses:Charity      100.00 USD
  Liabilities:American-Express      -100.00 USD

2015-03-06 * "Machiko"
  Expenses:Education:Piano      256.00 USD
  Assets:Banking:BofA:Checking      -256.00 USD

2015-03-06 * "Brier Creek Country Club"
  Expenses:House:Homeowners-Dues      145.00 USD
  Assets:Banking:BofA:Checking      -145.00 USD

2015-03-06 * "Triangle Green Cleaning"
  Expenses:House:Cleaning      154.00 USD
  Assets:Banking:BofA:Checking      -154.00 USD

2015-03-06 * "Reinvest Dividend"
  Assets:Investments:Vanguard:Todd:TradIRA:DRIP:BND      0.0210 BND { 82.85714286 USD } 
  Income:DRIPs:IRA-Traditional:BND      -1.74 USD

2015-03-06 * "Reinvest-Dividend"
  Assets:Investments:Vanguard:Todd:RothIRA:DRIP:BND      0.0090 BND { 77.77777778 USD } 
  Income:DRIPs:IRA-Roth:BND      -0.70 USD

2015-03-06 * "067410579 DRUG STORE/PHARMACY"
  Expenses:Groceries      14.47 USD
  Liabilities:American-Express      -14.47 USD

2015-03-06 * "4729081881 704-333-0008"
  Expenses:Dining      102.06 USD
  Liabilities:American-Express      -102.06 USD

2015-03-07 * "042707270147045561115"
  Expenses:Groceries      29.34 USD
  Liabilities:American-Express      -29.34 USD

2015-03-07 * "0902123 800-843-4298"
  Expenses:Auto:Gas      31.61 USD
  Liabilities:American-Express      -31.61 USD

2015-03-09 * "Online Banking transfer from SAV"
  Assets:Banking:BofA:Checking      3850.00 USD
  Assets:Banking:BofA:Savings-Giving      -3850.00 USD

2015-03-09 * "Interest Earned"
  Assets:Banking:BofA:Savings-Giving      0.03 USD
  Income:Interest:Savings      -0.03 USD

2015-03-09 * "Interest Earned"
  Assets:Banking:BofA:Checking      0.10 USD
  Income:Interest:Checking      -0.10 USD

2015-03-09 * "042807220069193540350"
  Expenses:Groceries      172.33 USD
  Liabilities:American-Express      -172.33 USD

2015-03-10 * "BKOFAMERICA MOBILE 03/10 3338775"
  Assets:Banking:BofA:Checking      12.00 USD
  Expenses:Education      -12.00 USD

2015-03-10 * "John Hanccock"
  Expenses:Insurance:Life      450.00 USD
  Assets:Banking:BofA:Checking      -450.00 USD

2015-03-10 * "00046680 919-881-9596"
  Expenses:Auto:Gas      31.74 USD
  Liabilities:American-Express      -31.74 USD

2015-03-11 * "000027180 9192930100"
  Expenses:Dining      9.90 USD
  Liabilities:American-Express      -9.90 USD

2015-03-11 * "042007060059198168830"
  Expenses:Groceries      12.01 USD
  Liabilities:American-Express      -12.01 USD

2015-03-11 * "22297229101 PET SHOP/FOOD/SUPPLY"
  Expenses:Household      6.92 USD
  Liabilities:American-Express      -6.92 USD

2015-03-12 * "CITY OF RALEIGH Bill Payment"
  Expenses:Utilities:Water      77.00 USD
  Assets:Banking:BofA:Checking      -77.00 USD

2015-03-12 * "Wendy Wang"
  Expenses:Education:Chinese      25.00 USD
  Assets:Banking:BofA:Checking      -25.00 USD

2015-03-12 * "Wendy Wang"
  Expenses:Education:Chinese      25.00 USD
  Assets:Banking:BofA:Checking      -25.00 USD

2015-03-12 * "Debra Foster"
  Expenses:Attorney      1559.07 USD
  Assets:Banking:BofA:Checking      -1559.07 USD

2015-03-12 * "Wendy Wang"
  Expenses:Education:Chinese      25.00 USD
  Assets:Banking:BofA:Checking      -25.00 USD

2015-03-12 * "18002211212"
  Expenses:Travel:Airline      399.20 USD
  Liabilities:American-Express      -399.20 USD

2015-03-12 * "18002211212"
  Expenses:Travel:Airline      11.20 USD
  Liabilities:American-Express      -11.20 USD

2015-03-12 * "18002211212"
  Expenses:Travel:Airline      399.20 USD
  Liabilities:American-Express      -399.20 USD

2015-03-12 * "18002211212"
  Expenses:Travel:Airline      11.20 USD
  Liabilities:American-Express      -11.20 USD

2015-03-13 * "CHECKCARD 0311 HOMESCHOOL GATHER"
  Expenses:Education      13.88 USD
  Assets:Banking:BofA:Checking      -13.88 USD

2015-03-13 * "TIME WARNER CABLE RALEIGH DURHAM"
  Expenses:Utilities:TV-Internet      90.90 USD
  Assets:Banking:BofA:Checking      -90.90 USD

2015-03-13 * "RZUXJJ squareup.com/receipts"
  Expenses:Dining      7.22 USD
  Liabilities:American-Express      -7.22 USD

2015-03-13 * "RZUXKX squareup.com/receipts"
  Expenses:Household      23.49 USD
  Liabilities:American-Express      -23.49 USD

2015-03-14 * "042307220049193540350"
  Expenses:Groceries      311.46 USD
  Liabilities:American-Express      -311.46 USD

2015-03-15 * "RALEIGH RADIOLOG DES:DIRECT DEP"
  Assets:Banking:BofA:Checking      7361.91 USD
  Expenses:Taxes:Federal      3347.93 USD
  Expenses:Taxes:Medicare      193.25 USD
  Expenses:Taxes:State      705.00 USD
  Assets:Investments:Raleigh-Radiology-PSP      750.00 USD
  Expenses:Insurance:Health      281.81 USD
  Expenses:Taxes:Medicare-HI      0.0 
  Expenses:DisabilityPlan      118.75 USD
  Expenses:PAC-Radiology      25.00 USD
  Expenses:Taxes:Social-Security      826.35 USD
  Income:RalRad:Salary      -13610.00 USD

2015-03-15 * "NOBLE #2171RALEIGH"
  Expenses:Dining      28.11 USD
  Liabilities:American-Express      -28.11 USD

2015-03-15 * "00768681 DISCOUNT STORE"
  Expenses:Household      41.15 USD
  Liabilities:American-Express      -41.15 USD

2015-03-15 * "00815191 DISCOUNT STORE"
  Expenses:Household      43.27 USD
  Liabilities:American-Express      -43.27 USD

2015-03-15 * "042407220119193540350"
  Expenses:Groceries      28.08 USD
  Liabilities:American-Express      -28.08 USD

2015-03-15 * "32173925074 SHOE STORE"
  Expenses:Clothing      53.38 USD
  Liabilities:American-Express      -53.38 USD

2015-03-15 * "REC RALEIGH"
  Expenses:Education      5.00 USD
  Liabilities:American-Express      -5.00 USD

2015-03-16 * "Check 3322"
  Expenses:Education      15.00 USD
  Assets:Banking:BofA:Checking      -15.00 USD

2015-03-16 * "10156320150 9194698009"
  Expenses:Dining      32.66 USD
  Liabilities:American-Express      -32.66 USD

2015-03-17 * "EARTH FARE #14 03/17 #000519200"
  Expenses:Groceries      34.56 USD
  Assets:Banking:BofA:Checking      -34.56 USD

2015-03-17 * "100038752 800-222-0544"
  Expenses:Clothing      20.43 USD
  Liabilities:American-Express      -20.43 USD

2015-03-17 * "145096378 SERVICES"
  Expenses:Medical      11.56 USD
  Liabilities:American-Express      -11.56 USD

2015-03-17 * "32315841 402-935-7733"
  Expenses:Education      95.00 USD
  Liabilities:American-Express      -95.00 USD

2015-03-17 * "APP ST"
  Expenses:Entertainment:Music-Movies      4.26 USD
  Liabilities:American-Express      -4.26 USD

2015-03-18 * "CHECKCARD 0317 HITTO SALON 2 CAR"
  Expenses:Haircut      33.00 USD
  Assets:Banking:BofA:Checking      -33.00 USD

2015-03-18 * "DUKE ENERGY PROGRESS Bill Paymen"
  Expenses:Utilities:Electric      91.15 USD
  Assets:Banking:BofA:Checking      -91.15 USD

2015-03-18 * "000771529 000-0000000"
  Expenses:Auto:Gas      42.52 USD
  Liabilities:American-Express      -42.52 USD

2015-03-18 * "35954936 402-935-7733"
  Expenses:Household      113.00 USD
  Liabilities:American-Express      -113.00 USD

2015-03-18 * "DRY CLEANER"
  Expenses:Dry-Cleaning      32.49 USD
  Liabilities:American-Express      -32.49 USD

2015-03-19 * "37903326 402-935-7733"
  Expenses:Charity      35.00 USD
  Liabilities:American-Express      -35.00 USD

2015-03-19 * "R2QKUV squareup.com/receipts"
  Expenses:Dining      6.14 USD
  Liabilities:American-Express      -6.14 USD

2015-03-20 * "Triangle Green Cleaning"
  Expenses:House:Cleaning      154.00 USD
  Assets:Banking:BofA:Checking      -154.00 USD

2015-03-20 * "christmas from Linda"
  Assets:Banking:Capital-One:Savings:Kids      200.00 USD
  Income:Gifts-Received      -200.00 USD

2015-03-20 * "466000124 8005143849"
  Expenses:Entertainment      25.44 USD
  Liabilities:American-Express      -25.44 USD

2015-03-20 * "R2TYLO squareup.com/receipts"
  Expenses:Dining      11.53 USD
  Liabilities:American-Express      -11.53 USD

2015-03-21 * "042007220069193540350"
  Expenses:Groceries      179.36 USD
  Liabilities:American-Express      -179.36 USD

2015-03-21 * "CRAFT"
  Expenses:Household      3.45 USD
  Liabilities:American-Express      -3.45 USD

2015-03-22 * "0321191340 919-881-9778"
  Expenses:Dining      98.94 USD
  Liabilities:American-Express      -98.94 USD

2015-03-22 * "042100690339197818776"
  Expenses:Groceries      19.82 USD
  Liabilities:American-Express      -19.82 USD

2015-03-22 * "32173925081 SHOE STORE"
  Liabilities:American-Express      53.38 USD
  Expenses:Clothing      -53.38 USD

2015-03-23 * "T MOBILITY Bill Payment"
  Expenses:Utilities:Phone      110.60 USD
  Assets:Banking:BofA:Checking      -110.60 USD

2015-03-23 * "CHECKCARD 0321 REX HOSPITAL CAFE"
  Expenses:Dining      1.79 USD
  Assets:Banking:BofA:Checking      -1.79 USD

2015-03-23 * "00061017 919-881-9596"
  Expenses:Auto:Gas      33.13 USD
  Liabilities:American-Express      -33.13 USD

2015-03-24 * "CAPITAL ONE N.A. DES:CAPITALONE"
  Assets:Banking:Capital-One:Savings:Joint      10000.00 USD
  Assets:Banking:BofA:Checking      -10000.00 USD

2015-03-24 * "Reinvest Dividend"
  Assets:Investments:Vanguard:Joint:DRIP:VTIAX      49.6770 VTIAX { 27.5401091 USD } 
  Income:DRIPs:Taxable:VTIAX      -1368.11 USD

2015-03-24 * "Reinvest Dividend"
  Assets:Investments:Vanguard:Joint:DRIP:VTSAX      108.0820 VTSAX { 52.78982624 USD } 
  Income:DRIPs:Taxable:VTSAX      -5705.63 USD

2015-03-24 * "Reinvest Dividend"
  Assets:Investments:Vanguard:Todd:TradIRA:DRIP:VGSLX      5.7690 VGSLX { 121.37632172 USD } 
  Income:DRIPs:IRA-Traditional:VGSLX      -700.22 USD

2015-03-24 * "Reinvest Dividend"
  Assets:Investments:Vanguard:Todd:RothIRA:DRIP:VGSLX      1.9630 VGSLX { 121.34997453 USD } 
  Income:DRIPs:IRA-Roth:VGSLX      -238.21 USD

2015-03-24 * "00766941 DISCOUNT STORE"
  Expenses:Household      43.47 USD
  Liabilities:American-Express      -43.47 USD

2015-03-24 * "01247171 DISCOUNT STORE"
  Liabilities:American-Express      16.00 USD
  Expenses:Household      -16.00 USD

2015-03-24 * "01576176 DISCOUNT STORE"
  Expenses:Household      3.50 USD
  Liabilities:American-Express      -3.50 USD

2015-03-24 * "49674233 402-935-7733"
  Expenses:Clothing      125.41 USD
  Liabilities:American-Express      -125.41 USD

2015-03-25 * "BKOFAMERICA MOBILE 03/25 3341875"
  Assets:Banking:BofA:Checking      822.51 USD
  Income:Distribution-Medical-Mutual      -822.51 USD

2015-03-25 * "CHECKCARD 0324 HITTO SALON 2 CAR"
  Expenses:Haircut      16.50 USD
  Assets:Banking:BofA:Checking      -16.50 USD

2015-03-25 * "TSC5XHK DIRECT MKTG MISC"
  Expenses:Clothing      95.01 USD
  Liabilities:American-Express      -95.01 USD

2015-03-26 * "CHECKCARD 0324 TOWN OF CARY-PARK"
  Expenses:Education      246.18 USD
  Assets:Banking:BofA:Checking      -246.18 USD

2015-03-26 * "042507220089193540350"
  Expenses:Groceries      248.89 USD
  Liabilities:American-Express      -248.89 USD

2015-03-26 * "R3LURP squareup.com/receipts"
  Expenses:Dining      3.50 USD
  Liabilities:American-Express      -3.50 USD

2015-03-28 * "APP ST"
  Expenses:Entertainment:Music-Movies      1.06 USD
  Liabilities:American-Express      -1.06 USD

2015-03-28 * "APP ST"
  Expenses:Computer      0.99 USD
  Liabilities:American-Express      -0.99 USD

2015-03-29 * "000307461 000-0000000"
  Expenses:Auto:Gas      40.76 USD
  Liabilities:American-Express      -40.76 USD

2015-03-29 * "042807220049193540350"
  Expenses:Groceries      115.16 USD
  Liabilities:American-Express      -115.16 USD

2015-03-29 * "10156320150 9194698009"
  Expenses:Dining      31.76 USD
  Liabilities:American-Express      -31.76 USD

2015-03-29 * "10156320150 9194698009"
  Expenses:Dining      2.02 USD
  Liabilities:American-Express      -2.02 USD

2015-03-30 * "CHECKCARD 0327 HOMESCHOOL GATHER"
  Expenses:Education      24.02 USD
  Assets:Banking:BofA:Checking      -24.02 USD

2015-03-30 * "Home Team Pest Defense"
  Expenses:Household      99.50 USD
  Assets:Banking:BofA:Checking      -99.50 USD

2015-03-30 * "Jason Tippets"
  Expenses:Charity      500.00 USD
  Assets:Banking:BofA:Checking      -500.00 USD

2015-03-30 * "0000048857 (402) 313-7777"
  Expenses:Travel:Hotel      1017.00 USD
  Liabilities:American-Express      -1017.00 USD

2015-03-30 * "18002211212"
  Expenses:Travel:Airline      230.20 USD
  Liabilities:American-Express      -230.20 USD

2015-03-30 * "18002211212"
  Expenses:Travel:Airline      230.20 USD
  Liabilities:American-Express      -230.20 USD

2015-03-30 * "18002211212"
  Expenses:Travel:Airline      230.20 USD
  Liabilities:American-Express      -230.20 USD

2015-03-30 * "18002211212"
  Expenses:Travel:Airline      230.20 USD
  Liabilities:American-Express      -230.20 USD

2015-03-31 * "RALEIGH RADIOLOG DES:DIRECT DEP"
  Assets:Banking:BofA:Checking      19452.11 USD
  Expenses:Taxes:Federal      13602.52 USD
  Expenses:Taxes:Medicare      578.22 USD
  Expenses:Taxes:State      3967.00 USD
  Assets:Investments:Raleigh-Radiology-PSP      0.0 
  Expenses:Insurance:Health      0.0 
  Expenses:Taxes:Medicare-HI      0.0 
  Expenses:DisabilityPlan      0.0 
  Expenses:PAC-Radiology      0.0 
  Expenses:Taxes:Social-Security      2277.31 USD
  Income:RalRad:Bonus      -39877.16 USD

2015-03-31 * "Monthly Interest Paid"
  Assets:Banking:Capital-One:Savings:Joint      14.45 USD
  Income:Interest:Savings      -14.45 USD

2015-03-31 * "Monthly Interest Paid"
  Assets:Banking:Capital-One:Savings:Kids      2.07 USD
  Income:Interest:Savings      -2.07 USD

2015-03-31 * "Reinvest-Dividend"
  Assets:Investments:Vanguard:Joint:DRIP:VWIUX      30.6260 VWIUX { 14.28002351 USD } 
  Income:DRIPs:Taxable:VWIUX      -437.34 USD

2015-03-31 * "distribution"
  Assets:Medical-Mutual      432.83 USD
  Income:Distribution-Medical-Mutual      -432.83 USD

2015-03-31 * "00000033454 630-579-9000"
  Expenses:Household      57.32 USD
  Liabilities:American-Express      -57.32 USD

2015-03-31 * "00750417 DISCOUNT STORE"
  Expenses:Household      65.75 USD
  Liabilities:American-Express      -65.75 USD

2015-03-31 * "85180895089100224634468 27519"
  Expenses:Charity      100.00 USD
  Liabilities:American-Express      -100.00 USD

2015-03-31 * "N5PVHU Cary"
  Expenses:Dining      3.50 USD
  Liabilities:American-Express      -3.50 USD

2015-04-01 * "Online scheduled transfer to Sav"
  Assets:Banking:BofA:Savings-Giving      1000.00 USD
  Assets:Banking:BofA:Checking      -1000.00 USD

2015-04-01 * "Bank of America DES:MORTGAGE ID:"
  Expenses:Mortgage-Interest      582.51 USD
  Assets:Banking:Mortgage-Escrow      701.61 USD
  Liabilities:Mortgage      902.75 USD
  Assets:Banking:BofA:Checking      -2186.87 USD

2015-04-01 * "Dr. Chen"
  Expenses:Medical      85.00 USD
  Assets:Banking:BofA:Checking      -85.00 USD

2015-04-01 * "85180895091100225080284 27519"
  Expenses:Charity      500.00 USD
  Liabilities:American-Express      -500.00 USD

2015-04-01 * "GW8OT3LOFLS MERCHANDISE"
  Expenses:Household      38.19 USD
  Liabilities:American-Express      -38.19 USD

2015-04-02 * "CHECKCARD 0331 HITTO SALON 2 CAR"
  Expenses:Haircut      27.50 USD
  Assets:Banking:BofA:Checking      -27.50 USD

2015-04-02 * "EARTH FARE #14 04/02 #000983806"
  Expenses:Groceries      43.73 USD
  Assets:Banking:BofA:Checking      -43.73 USD

2015-04-02 * "RALEIGH IMAGING DES:DISTRIB ID:4"
  Assets:Banking:BofA:Checking      16800.00 USD
  Income:RalRad:Distribution      -16800.00 USD

2015-04-02 * "RALEIGH RADIOLOG DES:DIRECT DEP"
  Assets:Banking:BofA:Checking      7361.90 USD
  Expenses:Taxes:Federal      3347.93 USD
  Expenses:Taxes:Medicare      193.26 USD
  Expenses:Taxes:State      705.00 USD
  Assets:Investments:Raleigh-Radiology-PSP      750.00 USD
  Expenses:Insurance:Health      281.81 USD
  Expenses:Taxes:Medicare-HI      0.0 
  Expenses:DisabilityPlan      118.75 USD
  Expenses:PAC-Radiology      25.00 USD
  Expenses:Taxes:Social-Security      826.35 USD
  Income:RalRad:Salary      -13610.00 USD

2015-04-02 * "Smart Room Studio"
  Expenses:Education:Art      100.00 USD
  Assets:Banking:BofA:Checking      -100.00 USD

2015-04-02 * "ELECTRONIC PAYMENT RECEIVED-THA"
  Liabilities:American-Express      7375.42 USD
  Assets:Banking:BofA:Checking      -7375.42 USD

2015-04-02 * "Interest Earned HSA"
  Assets:HSA:Benefit-Wallet      0.99 USD
  Income:Interest:HSA      -0.99 USD

2015-04-02 * "LCA#LABCORP"
  Expenses:Medical      18.72 USD
  Assets:HSA:Benefit-Wallet      -18.72 USD

2015-04-02 * "000822976 000-0000000"
  Expenses:Auto:Gas      30.34 USD
  Liabilities:American-Express      -30.34 USD

2015-04-02 * "042107020059198281589"
  Expenses:Groceries      38.99 USD
  Liabilities:American-Express      -38.99 USD

2015-04-02 * "R4GHWS squareup.com/receipts"
  Expenses:Dining      3.21 USD
  Liabilities:American-Express      -3.21 USD

2015-04-03 * "CHECKCARD 0402 GRACEFUL EXPRESSI"
  Expenses:Dance      117.00 USD
  Assets:Banking:BofA:Checking      -117.00 USD

2015-04-03 * "Triangle Green Cleaning"
  Expenses:House:Cleaning      154.00 USD
  Assets:Banking:BofA:Checking      -154.00 USD

2015-04-03 * "0000000086 (919)447-4000"
  Expenses:Dining      41.56 USD
  Liabilities:American-Express      -41.56 USD

2015-04-03 * "001 DIRECT MKTG MISC"
  Liabilities:American-Express      95.01 USD
  Expenses:Clothing      -95.01 USD

2015-04-03 * "00765206 DISCOUNT STORE"
  Expenses:Household      78.92 USD
  Liabilities:American-Express      -78.92 USD

2015-04-03 * "04020363405 800-654-0688"
  Expenses:Household      100.00 USD
  Liabilities:American-Express      -100.00 USD

2015-04-03 * "04020363405 800-654-0688"
  Liabilities:American-Express      9.58 USD
  Expenses:Household      -9.58 USD

2015-04-03 * "60140012881 FAMILY CLOTHING"
  Expenses:Clothing      16.09 USD
  Liabilities:American-Express      -16.09 USD

2015-04-03 * "8074248184 800-846-1302"
  Expenses:Travel:Entertainment      1437.80 USD
  Liabilities:American-Express      -1437.80 USD

2015-04-03 * "DEPARTMENT STORE"
  Expenses:Clothing      26.82 USD
  Liabilities:American-Express      -26.82 USD

2015-04-03 * "R4J5MU squareup.com/receipts"
  Expenses:Dining      10.00 USD
  Liabilities:American-Express      -10.00 USD

2015-04-04 * "00014360 703-729-3353"
  Expenses:Work      365.00 USD
  Liabilities:American-Express      -365.00 USD

2015-04-04 * "042307220079193540350"
  Expenses:Groceries      263.30 USD
  Liabilities:American-Express      -263.30 USD

2015-04-04 * "211846069-2 SHOES"
  Expenses:Clothing      48.04 USD
  Liabilities:American-Express      -48.04 USD

2015-04-04 * "76641132 402-935-7733"
  Expenses:Groceries      79.98 USD
  Liabilities:American-Express      -79.98 USD

2015-04-04 * "78830132 919-572-9090"
  Expenses:Miscellaneous      2.32 USD
  Liabilities:American-Express      -2.32 USD

2015-04-04 * "9196603752"
  Expenses:Auto:Parking      4.00 USD
  Liabilities:American-Express      -4.00 USD

2015-04-05 * "000001302 9192930294"
  Expenses:Groceries      2.54 USD
  Liabilities:American-Express      -2.54 USD

2015-04-06 * "PSNC ENERGY Bill Payment"
  Expenses:Utilities:Gas      226.22 USD
  Assets:Banking:BofA:Checking      -226.22 USD

2015-04-06 * "Machiko"
  Expenses:Education:Piano      263.50 USD
  Assets:Banking:BofA:Checking      -263.50 USD

2015-04-06 * "000049636 8284180140"
  Expenses:Groceries      2.44 USD
  Liabilities:American-Express      -2.44 USD

2015-04-06 * "7066052222 9704542722"
  Expenses:Charity      100.00 USD
  Liabilities:American-Express      -100.00 USD

2015-04-07 * "Brier Creek Country Club"
  Expenses:House:Homeowners-Dues      149.00 USD
  Assets:Banking:BofA:Checking      -149.00 USD

2015-04-07 * "00762363 DISCOUNT STORE"
  Expenses:Household      55.13 USD
  Liabilities:American-Express      -55.13 USD

2015-04-07 * "042607060029198168830"
  Expenses:Groceries      234.67 USD
  Liabilities:American-Express      -234.67 USD

2015-04-07 * "R4YY5P squareup.com/receipts"
  Expenses:Dining      7.07 USD
  Liabilities:American-Express      -7.07 USD

2015-04-08 * "Interest Earned"
  Assets:Banking:BofA:Savings-Giving      0.01 USD
  Income:Interest:Savings      -0.01 USD

2015-04-08 * "Interest Earned"
  Assets:Banking:BofA:Checking      0.18 USD
  Income:Interest:Checking      -0.18 USD

2015-04-08 * "NC Board of Medical Examiners"
  Expenses:Education      60.00 USD
  Assets:Banking:BofA:Checking      -60.00 USD

2015-04-08 * "Reinvest Dividend"
  Assets:Investments:Vanguard:Todd:TradIRA:DRIP:BND      0.0010 BND { 120.00 USD } 
  Income:DRIPs:IRA-Traditional:BND      -0.12 USD

2015-04-08 * "Reinvest Dividend"
  Assets:Investments:Vanguard:Todd:TradIRA:DRIP:BND      0.0020 BND { 75.00 USD } 
  Income:DRIPs:IRA-Traditional:BND      -0.15 USD

2015-04-08 * "Reinvest Dividend"
  Assets:Investments:Vanguard:Todd:TradIRA:DRIP:BND      0.0210 BND { 84.76190476 USD } 
  Income:DRIPs:IRA-Traditional:BND      -1.78 USD

2015-04-08 * "Reinvest-Dividend"
  Assets:Investments:Vanguard:Todd:RothIRA:DRIP:BND      0.0010 BND { 50.00 USD } 
  Income:DRIPs:IRA-Roth:BND      -0.05 USD

2015-04-08 * "Reinvest-Dividend"
  Assets:Investments:Vanguard:Todd:RothIRA:DRIP:BND      0.0010 BND { 60.00 USD } 
  Income:DRIPs:IRA-Roth:BND      -0.06 USD

2015-04-08 * "Reinvest-Dividend"
  Assets:Investments:Vanguard:Todd:RothIRA:DRIP:BND      0.0090 BND { 78.88888889 USD } 
  Income:DRIPs:IRA-Roth:BND      -0.71 USD

2015-04-08 * "000394155 9198281301"
  Expenses:Dining      3.44 USD
  Liabilities:American-Express      -3.44 USD

2015-04-08 * "000825005 000-0000000"
  Expenses:Auto:Gas      41.69 USD
  Liabilities:American-Express      -41.69 USD

2015-04-08 * "01805019022 _"
  Expenses:Clothing      74.73 USD
  Liabilities:American-Express      -74.73 USD

2015-04-08 * "042707020059198281589"
  Expenses:Groceries      72.21 USD
  Liabilities:American-Express      -72.21 USD

2015-04-08 * "Y9811Q1RJT1 MERCHANDISE"
  Expenses:Household      25.24 USD
  Liabilities:American-Express      -25.24 USD

2015-04-09 * "Wendy Wang"
  Expenses:Education:Chinese      25.00 USD
  Assets:Banking:BofA:Checking      -25.00 USD

2015-04-09 * "Wendy Wang"
  Expenses:Education:Chinese      25.00 USD
  Assets:Banking:BofA:Checking      -25.00 USD

2015-04-09 * "Triangle Assessments"
  Expenses:Education      95.00 USD
  Assets:Banking:BofA:Checking      -95.00 USD

2015-04-09 * "74512395099 919-847-7700"
  Expenses:Auto      6.00 USD
  Liabilities:American-Express      -6.00 USD

2015-04-09 * "87050044 402-935-7733"
  Expenses:Clothing      35.22 USD
  Liabilities:American-Express      -35.22 USD

2015-04-09 * "87621151 402-935-7733"
  Liabilities:American-Express      101.94 USD
  Expenses:Clothing      -101.94 USD

2015-04-10 * "CITY OF RALEIGH Bill Payment"
  Expenses:Utilities:Water      77.00 USD
  Assets:Banking:BofA:Checking      -77.00 USD

2015-04-10 * "102788 919-486-4383"
  Expenses:Dining      7.26 USD
  Liabilities:American-Express      -7.26 USD

2015-04-10 * "31017395099 CHARITABLE ORG"
  Expenses:Education      18.00 USD
  Liabilities:American-Express      -18.00 USD

2015-04-11 * "Balance adjustment"
  Assets:Investments:Raleigh-Radiology-PSP      19414.30 USD
  Equity:Opening-Balances      -19414.30 USD

2015-04-11 * "00779879 DISCOUNT STORE"
  Expenses:Household      34.19 USD
  Liabilities:American-Express      -34.19 USD

2015-04-11 * "042007020069198281589"
  Expenses:Groceries      34.01 USD
  Liabilities:American-Express      -34.01 USD

2015-04-11 * "REC RALEIGH"
  Expenses:Education      7.00 USD
  Liabilities:American-Express      -7.00 USD

2015-04-11 * "REC RALEIGH"
  Expenses:Education      6.00 USD
  Liabilities:American-Express      -6.00 USD

2015-04-12 * "00040487 919-572-9090"
  Expenses:Miscellaneous      13.59 USD
  Liabilities:American-Express      -13.59 USD

2015-04-12 * "00891211 SPORTING GOODS STORE"
  Expenses:Clothing      38.43 USD
  Liabilities:American-Express      -38.43 USD

2015-04-12 * "DRY CLEANER"
  Expenses:Dry-Cleaning      35.40 USD
  Liabilities:American-Express      -35.40 USD

2015-04-13 * "EARTH FARE #14 04/11 #000275818"
  Expenses:Groceries      53.73 USD
  Assets:Banking:BofA:Checking      -53.73 USD

2015-04-13 * "EARTH FARE #14 04/11 #000475613"
  Expenses:Groceries      54.56 USD
  Assets:Banking:BofA:Checking      -54.56 USD

2015-04-13 * "Debra Foster"
  Expenses:Attorney      752.36 USD
  Assets:Banking:BofA:Checking      -752.36 USD

2015-04-13 * "000020183 8284180140"
  Expenses:Groceries      7.13 USD
  Liabilities:American-Express      -7.13 USD

2015-04-13 * "068509643 919-8400506"
  Expenses:Dining      11.83 USD
  Liabilities:American-Express      -11.83 USD

2015-04-13 * "10314208737 RESTAURANT"
  Expenses:Travel:Dining      24.46 USD
  Liabilities:American-Express      -24.46 USD

2015-04-13 * "10314211237 RESTAURANT"
  Expenses:Travel:Dining      4.75 USD
  Liabilities:American-Express      -4.75 USD

2015-04-13 * "10314211737 RESTAURANT"
  Expenses:Travel:Dining      5.52 USD
  Liabilities:American-Express      -5.52 USD

2015-04-14 * "TIME WARNER CABLE RALEIGH DURHAM"
  Expenses:Utilities:TV-Internet      90.90 USD
  Assets:Banking:BofA:Checking      -90.90 USD

2015-04-14 * "Weed Man"
  Expenses:House:Yard-care      42.00 USD
  Assets:Banking:BofA:Checking      -42.00 USD

2015-04-14 * "10414185837 RESTAURANT"
  Expenses:Travel:Dining      7.50 USD
  Liabilities:American-Express      -7.50 USD

2015-04-14 * "CRAFT"
  Expenses:Travel:Gifts      66.99 USD
  Liabilities:American-Express      -66.99 USD

2015-04-14 * "10414512037 RESTAURANT"
  Expenses:Travel:Dining      5.20 USD
  Liabilities:American-Express      -5.20 USD

2015-04-14 * "37552304923 407-827-8781"
  Expenses:Travel:Dining      4.25 USD
  Liabilities:American-Express      -4.25 USD

2015-04-14 * "37552304962 407-842-1100"
  Expenses:Travel:Dining      5.75 USD
  Liabilities:American-Express      -5.75 USD

2015-04-14 * "37552305012 407-827-8781"
  Expenses:Travel:Dining      4.25 USD
  Liabilities:American-Express      -4.25 USD

2015-04-14 * "37552307491 407-827-8520"
  Expenses:Travel:Dining      138.84 USD
  Liabilities:American-Express      -138.84 USD

2015-04-14 * "APP ST"
  Expenses:Entertainment:Music-Movies      5.33 USD
  Liabilities:American-Express      -5.33 USD

2015-04-15 * "RALEIGH RADIOLOG DES:DIRECT DEP"
  Assets:Banking:BofA:Checking      8188.25 USD
  Expenses:Taxes:Federal      3347.93 USD
  Expenses:Taxes:Medicare      193.26 USD
  Expenses:Taxes:State      705.00 USD
  Assets:Investments:Raleigh-Radiology-PSP      750.00 USD
  Expenses:Insurance:Health      281.81 USD
  Expenses:Taxes:Medicare-HI      0.0 
  Expenses:DisabilityPlan      118.75 USD
  Expenses:PAC-Radiology      25.00 USD
  Expenses:Taxes:Social-Security      0.0 
  Income:RalRad:Salary      -13610.00 USD

2015-04-15 * "United States Treasury"
  Expenses:Taxes:Federal      19950.00 USD
  Assets:Banking:BofA:Checking      -19950.00 USD

2015-04-15 * "10514178037 RESTAURANT"
  Expenses:Travel:Dining      5.10 USD
  Liabilities:American-Express      -5.10 USD

2015-04-15 * "10514178037 RESTAURANT"
  Expenses:Travel:Dining      9.58 USD
  Liabilities:American-Express      -9.58 USD

2015-04-15 * "10514178037 RESTAURANT"
  Expenses:Travel:Dining      36.49 USD
  Liabilities:American-Express      -36.49 USD

2015-04-15 * "10514184537 RESTAURANT"
  Expenses:Travel:Dining      3.50 USD
  Liabilities:American-Express      -3.50 USD

2015-04-15 * "10514208437 RESTAURANT"
  Expenses:Travel:Dining      3.75 USD
  Liabilities:American-Express      -3.75 USD

2015-04-15 * "10514208437 RESTAURANT"
  Expenses:Travel:Dining      3.75 USD
  Liabilities:American-Express      -3.75 USD

2015-04-15 * "SOUVENIR STORE"
  Expenses:Travel:Dining      15.94 USD
  Liabilities:American-Express      -15.94 USD

2015-04-16 * "Safebox Rental"
  Expenses:Banking:Service-Charge      58.00 USD
  Assets:Banking:BofA:Checking      -58.00 USD

2015-04-16 * "0000052400 (402) 313-7777"
  Expenses:Travel:Hotel      1069.65 USD
  Liabilities:American-Express      -1069.65 USD

2015-04-16 * "0000053259 (402) 313-7777"
  Expenses:Travel:Dining      24.72 USD
  Liabilities:American-Express      -24.72 USD

2015-04-16 * "0000053303 (402) 313-7777"
  Expenses:Travel:Transportation      70.00 USD
  Liabilities:American-Express      -70.00 USD

2015-04-16 * "069360425 407-8511334"
  Expenses:Travel:Dining      4.35 USD
  Liabilities:American-Express      -4.35 USD

2015-04-16 * "10614147337 RESTAURANT"
  Expenses:Travel:Dining      36.17 USD
  Liabilities:American-Express      -36.17 USD

2015-04-16 * "10614147337 RESTAURANT"
  Expenses:Travel:Dining      8.50 USD
  Liabilities:American-Express      -8.50 USD

2015-04-16 * "563213 GOVERNMENT SERVICE"
  Expenses:Travel:Parking      48.00 USD
  Liabilities:American-Express      -48.00 USD

2015-04-17 * "DUKE ENERGY PROGRESS Bill Paymen"
  Expenses:Utilities:Electric      93.21 USD
  Assets:Banking:BofA:Checking      -93.21 USD

2015-04-17 * "Triangle Green Cleaning"
  Expenses:House:Cleaning      154.00 USD
  Assets:Banking:BofA:Checking      -154.00 USD

2015-04-17 * "0067204 718-656-6210"
  Expenses:Travel:Dining      16.13 USD
  Liabilities:American-Express      -16.13 USD

2015-04-17 * "042607220069193540350"
  Expenses:Groceries      232.79 USD
  Liabilities:American-Express      -232.79 USD

2015-04-18 * "000012965 8284180140"
  Expenses:Groceries      6.02 USD
  Liabilities:American-Express      -6.02 USD

2015-04-18 * "09261368 402-935-7733"
  Expenses:Household      51.00 USD
  Liabilities:American-Express      -51.00 USD

2015-04-18 * "09262294 402-935-7733"
  Expenses:Groceries      54.98 USD
  Liabilities:American-Express      -54.98 USD

2015-04-18 * "611-29985 9704542722"
  Expenses:Charity      400.00 USD
  Liabilities:American-Express      -400.00 USD

2015-04-18 * "DRY CLEANER"
  Expenses:Dry-Cleaning      2.70 USD
  Liabilities:American-Express      -2.70 USD

2015-04-19 * "11042322 402-935-7733"
  Expenses:Charity      35.00 USD
  Liabilities:American-Express      -35.00 USD

2015-04-20 * "CHECKCARD 0417 ACT*BrierCreekBar"
  Expenses:Entertainment:Recreation      105.00 USD
  Assets:Banking:BofA:Checking      -105.00 USD

2015-04-20 * "CHECKCARD 0417 BLUE RIDGE DERMAT"
  Expenses:Medical      65.83 USD
  Assets:Banking:BofA:Checking      -65.83 USD

2015-04-20 * "000021741 8284180140"
  Expenses:Groceries      10.24 USD
  Liabilities:American-Express      -10.24 USD

2015-04-20 * "10156320150 9194698009"
  Expenses:Dining      30.04 USD
  Liabilities:American-Express      -30.04 USD

2015-04-20 * "85353545109 919-361-5300"
  Expenses:Auto:Gas      30.53 USD
  Liabilities:American-Express      -30.53 USD

2015-04-21 * "000388254 9196213281"
  Expenses:Dining      3.44 USD
  Liabilities:American-Express      -3.44 USD

2015-04-21 * "00743124 DISCOUNT STORE"
  Expenses:Household      43.69 USD
  Liabilities:American-Express      -43.69 USD

2015-04-21 * "01241992 DISCOUNT STORE"
  Liabilities:American-Express      30.48 USD
  Expenses:Household      -30.48 USD

2015-04-22 * "T MOBILITY Bill Payment"
  Expenses:Utilities:Phone      110.75 USD
  Assets:Banking:BofA:Checking      -110.75 USD

2015-04-22 * "0945709 AUTO FUEL DISPENSER"
  Expenses:Auto:Gas      33.51 USD
  Liabilities:American-Express      -33.51 USD

2015-04-22 * "18476097 402-935-7733"
  Expenses:Clothing      46.00 USD
  Liabilities:American-Express      -46.00 USD

2015-04-23 * "CHECKCARD 0421 MAYNARD CROSSING"
  Expenses:Miscellaneous      16.50 USD
  Assets:Banking:BofA:Checking      -16.50 USD

2015-04-23 * "042207220049193540350"
  Expenses:Groceries      262.04 USD
  Liabilities:American-Express      -262.04 USD

2015-04-23 * "R6256S Cary"
  Expenses:Dining      3.50 USD
  Liabilities:American-Express      -3.50 USD

2015-04-24 * "000013522 8284180140"
  Expenses:Groceries      3.18 USD
  Liabilities:American-Express      -3.18 USD

2015-04-27 * "United States Treasury"
  Expenses:Taxes:Federal-Payment      9560.00 USD
  Assets:Banking:BofA:Checking      -9560.00 USD

2015-04-27 * "AMG"
  Expenses:Clothing      56.00 USD
  Assets:Banking:BofA:Checking      -56.00 USD

2015-04-27 * "042607220049193540350"
  Expenses:Groceries      102.75 USD
  Liabilities:American-Express      -102.75 USD

2015-04-27 * "30575816 402-935-7733"
  Liabilities:American-Express      24.00 USD
  Expenses:Household      -24.00 USD

2015-04-28 * "NCDOR IND INCOME DES:TAX REFUND"
  Assets:Banking:BofA:Checking      1172.00 USD
  Expenses:Taxes:State      -1172.00 USD

2015-04-28 * "00793076 DISCOUNT STORE"
  Expenses:Household      60.74 USD
  Liabilities:American-Express      -60.74 USD

2015-04-28 * "01578847 DISCOUNT STORE"
  Expenses:Household      3.50 USD
  Liabilities:American-Express      -3.50 USD

2015-04-28 * "APP ST"
  Expenses:Entertainment:Music-Movies      4.26 USD
  Liabilities:American-Express      -4.26 USD

2015-04-28 * "APP ST"
  Expenses:Entertainment:Music-Movies      0.99 USD
  Liabilities:American-Express      -0.99 USD

2015-04-29 * "Smart Room Studio"
  Expenses:Education:Art      240.00 USD
  Assets:Banking:BofA:Checking      -240.00 USD

2015-04-30 * "CHECKCARD 0428 HITTO SALON 2 CAR"
  Expenses:Haircut      16.50 USD
  Assets:Banking:BofA:Checking      -16.50 USD

2015-04-30 * "RALEIGH RADIOLOG DES:DIRECT DEP"
  Assets:Banking:BofA:Checking      8188.25 USD
  Expenses:Taxes:Federal      3347.93 USD
  Expenses:Taxes:Medicare      193.26 USD
  Expenses:Taxes:State      705.00 USD
  Assets:Investments:Raleigh-Radiology-PSP      750.00 USD
  Expenses:Insurance:Health      281.81 USD
  Expenses:Taxes:Medicare-HI      0.0 
  Expenses:DisabilityPlan      118.75 USD
  Expenses:PAC-Radiology      25.00 USD
  Expenses:Taxes:Social-Security      0.0 
  Income:RalRad:Salary      -13610.00 USD

2015-04-30 * "Ali Rosell"
  Expenses:Education      120.00 USD
  Assets:Banking:BofA:Checking      -120.00 USD

2015-04-30 * "Monthly Interest Paid"
  Assets:Banking:Capital-One:Savings:Joint      18.56 USD
  Income:Interest:Savings      -18.56 USD

2015-04-30 * "Monthly Interest Paid"
  Assets:Banking:Capital-One:Savings:Kids      2.08 USD
  Income:Interest:Savings      -2.08 USD

2015-04-30 * "Reinvest-Dividend"
  Assets:Investments:Vanguard:Joint:DRIP:VWIUX      29.8340 VWIUX { 14.18013005 USD } 
  Income:DRIPs:Taxable:VWIUX      -423.05 USD

2015-04-30 * "042907220029193540350"
  Expenses:Groceries      208.72 USD
  Liabilities:American-Express      -208.72 USD

2015-04-30 * "OA7PFF Raleigh"
  Expenses:Dining      4.26 USD
  Liabilities:American-Express      -4.26 USD

2015-05-01 * "Online scheduled transfer to Sav"
  Assets:Banking:BofA:Savings-Giving      1000.00 USD
  Assets:Banking:BofA:Checking      -1000.00 USD

2015-05-01 * "Triangle Green Cleaning"
  Expenses:House:Cleaning      154.00 USD
  Assets:Banking:BofA:Checking      -154.00 USD

2015-05-01 * "ELECTRONIC PAYMENT RECEIVED-THA"
  Liabilities:American-Express      8500.45 USD
  Assets:Banking:BofA:Checking      -8500.45 USD

2015-05-01 * "Interest Earned HSA"
  Assets:HSA:Benefit-Wallet      0.96 USD
  Income:Interest:HSA      -0.96 USD

2015-05-01 * "01805019194 _"
  Liabilities:American-Express      20.82 USD
  Expenses:Clothing      -20.82 USD

2015-05-01 * "458305360048662355443"
  Liabilities:American-Express      1.33 USD
  Expenses:Clothing      -1.33 USD

2015-05-02 * "Bank of America DES:MORTGAGE ID:"
  Expenses:Mortgage-Interest      580.35 USD
  Assets:Banking:Mortgage-Escrow      701.61 USD
  Liabilities:Mortgage      904.91 USD
  Assets:Banking:BofA:Checking      -2186.87 USD

2015-05-02 * "000025261 9198061114"
  Expenses:Dining      5.81 USD
  Liabilities:American-Express      -5.81 USD

2015-05-02 * "000361949 000-0000000"
  Expenses:Auto:Gas      31.24 USD
  Liabilities:American-Express      -31.24 USD

2015-05-02 * "100041046 800-222-0544"
  Expenses:Clothing      33.87 USD
  Liabilities:American-Express      -33.87 USD

2015-05-02 * "37050868 37050868 27713"
  Expenses:Household      212.85 USD
  Liabilities:American-Express      -212.85 USD

2015-05-02 * "37051283 37051283 27713"
  Expenses:Household      116.10 USD
  Liabilities:American-Express      -116.10 USD

2015-05-02 * "42102763 402-935-7733"
  Expenses:Household      45.38 USD
  Liabilities:American-Express      -45.38 USD

2015-05-02 * "9198063442"
  Expenses:Clothing      183.84 USD
  Liabilities:American-Express      -183.84 USD

2015-05-03 * "042207220089193540350"
  Expenses:Groceries      70.07 USD
  Liabilities:American-Express      -70.07 USD

2015-05-03 * "05020363411 800-654-0688"
  Expenses:Household      100.77 USD
  Liabilities:American-Express      -100.77 USD

2015-05-03 * "44077218 402-935-7733"
  Expenses:Household      86.83 USD
  Liabilities:American-Express      -86.83 USD

2015-05-04 * "CHECKCARD 0501 HITTO SALON 2 CAR"
  Expenses:Haircut      24.00 USD
  Assets:Banking:BofA:Checking      -24.00 USD

2015-05-04 * "CHECKCARD 0502 GRACEFUL EXPRESSI"
  Expenses:Dance      117.00 USD
  Assets:Banking:BofA:Checking      -117.00 USD

2015-05-04 * "CHECKCARD 0502 HOMEWOOD NURSERY"
  Expenses:Household      48.53 USD
  Assets:Banking:BofA:Checking      -48.53 USD

2015-05-04 * "Online Banking payment to MTG 49"
  Liabilities:Mortgage      9000.00 USD
  Assets:Banking:BofA:Checking      -9000.00 USD

2015-05-04 * "PSNC ENERGY Bill Payment"
  Expenses:Utilities:Gas      88.95 USD
  Assets:Banking:BofA:Checking      -88.95 USD

2015-05-04 * "BKOFAMERICA MOBILE 05/02 3350097"
  Assets:Banking:BofA:Checking      365.00 USD
  Expenses:Education:Radiology      -365.00 USD

2015-05-04 * "CHECKCARD 0430 HOMESCHOOL GATHER"
  Expenses:Education      17.07 USD
  Assets:Banking:BofA:Checking      -17.07 USD

2015-05-04 * "85180895123100229902524 27519"
  Expenses:Charity      500.00 USD
  Liabilities:American-Express      -500.00 USD

2015-05-04 * "9197675971 APPLE ONLINE STORES"
  Expenses:Household      14.38 USD
  Liabilities:American-Express      -14.38 USD

2015-05-04 * "TS5RBG6 DIRECT MKTG MISC"
  Expenses:Clothing      74.19 USD
  Liabilities:American-Express      -74.19 USD

2015-05-05 * "00734106 DISCOUNT STORE"
  Expenses:Household      87.55 USD
  Liabilities:American-Express      -87.55 USD

2015-05-05 * "01571608 DISCOUNT STORE"
  Expenses:Household      2.12 USD
  Liabilities:American-Express      -2.12 USD

2015-05-05 * "0995415 AUTO FUEL DISPENSER"
  Expenses:Auto:Gas      43.94 USD
  Liabilities:American-Express      -43.94 USD

2015-05-05 * "30P-2428206 877-769-7277"
  Expenses:Auto:Fees      20.00 USD
  Liabilities:American-Express      -20.00 USD

2015-05-05 * "48808546 402-935-7733"
  Liabilities:American-Express      35.22 USD
  Expenses:Clothing      -35.22 USD

2015-05-05 * "49665194 402-935-7733"
  Liabilities:American-Express      86.83 USD
  Expenses:Household      -86.83 USD

2015-05-05 * "WJ7KY3XG0TN MERCHANDISE"
  Expenses:Household      33.71 USD
  Liabilities:American-Express      -33.71 USD

2015-05-06 * "Interest Earned"
  Assets:Banking:BofA:Savings-Giving      0.01 USD
  Income:Interest:Savings      -0.01 USD

2015-05-06 * "Interest Earned"
  Assets:Banking:BofA:Checking      0.20 USD
  Income:Interest:Checking      -0.20 USD

2015-05-06 * "Brier Creek Country Club"
  Expenses:House:Homeowners-Dues      159.68 USD
  Assets:Banking:BofA:Checking      -159.68 USD

2015-05-06 * "042507020049198281589"
  Expenses:Groceries      204.26 USD
  Liabilities:American-Express      -204.26 USD

2015-05-06 * "1 7045478100"
  Expenses:Clothing      46.41 USD
  Liabilities:American-Express      -46.41 USD

2015-05-06 * "7151465908 9704542722"
  Expenses:Charity      100.00 USD
  Liabilities:American-Express      -100.00 USD

2015-05-07 * "Wendy Wang"
  Expenses:Education:Chinese      25.00 USD
  Assets:Banking:BofA:Checking      -25.00 USD

2015-05-07 * "Machiko"
  Expenses:Education:Piano      256.00 USD
  Assets:Banking:BofA:Checking      -256.00 USD

2015-05-07 * "Wendy Wang"
  Expenses:Education:Chinese      25.00 USD
  Assets:Banking:BofA:Checking      -25.00 USD

2015-05-07 * "Wendy Wang"
  Expenses:Education:Chinese      25.00 USD
  Assets:Banking:BofA:Checking      -25.00 USD

2015-05-07 * "Reinvest Dividend"
  Assets:Investments:Vanguard:Todd:TradIRA:DRIP:BND      0.0210 BND { 81.42857143 USD } 
  Income:DRIPs:IRA-Traditional:BND      -1.71 USD

2015-05-07 * "Reinvest-Dividend"
  Assets:Investments:Vanguard:Todd:RothIRA:DRIP:BND      0.0080 BND { 86.25 USD } 
  Income:DRIPs:IRA-Roth:BND      -0.69 USD

2015-05-08 * "parking durham bulls"
  Expenses:Auto:Parking      5.00 USD
  Assets:Banking:BofA:Checking      -5.00 USD

2015-05-08 * "00858294 DISCOUNT STORE"
  Expenses:Household      39.78 USD
  Liabilities:American-Express      -39.78 USD

2015-05-09 * "000406944 9196213281"
  Expenses:Dining      3.44 USD
  Liabilities:American-Express      -3.44 USD

2015-05-10 * "000907020029198281589"
  Expenses:Groceries      64.56 USD
  Liabilities:American-Express      -64.56 USD

2015-05-10 * "000907020029198281589"
  Expenses:Groceries      37.53 USD
  Liabilities:American-Express      -37.53 USD

2015-05-10 * "05090363421 800-654-0688"
  Expenses:Household      21.06 USD
  Liabilities:American-Express      -21.06 USD

2015-05-10 * "05090363454 800-654-0688"
  Expenses:Household      19.16 USD
  Liabilities:American-Express      -19.16 USD

2015-05-10 * "24224435130 9193494419"
  Expenses:Dining      85.66 USD
  Liabilities:American-Express      -85.66 USD

2015-05-10 * "C39824 DURABLE GOODS"
  Expenses:Household      30.37 USD
  Liabilities:American-Express      -30.37 USD

2015-05-11 * "CHECKCARD 0507 REX H FRAZIER INC"
  Expenses:Household      216.08 USD
  Assets:Banking:BofA:Checking      -216.08 USD

2015-05-11 * "CITY OF RALEIGH Bill Payment"
  Expenses:Utilities:Water      84.86 USD
  Assets:Banking:BofA:Checking      -84.86 USD

2015-05-11 * "Joe Cool HVAC"
  Expenses:Household      271.48 USD
  Assets:Banking:BofA:Checking      -271.48 USD

2015-05-12 * "3A56541C0AA JEWELRY"
  Expenses:Gifts      57.25 USD
  Liabilities:American-Express      -57.25 USD

2015-05-13 * "CHECKCARD 0512 IN *SOUTHEAST DAN"
  Expenses:Dance      15.50 USD
  Assets:Banking:BofA:Checking      -15.50 USD

2015-05-13 * "000207020039198281589"
  Expenses:Groceries      158.31 USD
  Liabilities:American-Express      -158.31 USD

2015-05-13 * "0026062 AUTO FUEL DISPENSER"
  Expenses:Auto:Gas      42.03 USD
  Liabilities:American-Express      -42.03 USD

2015-05-13 * "TS4HJLW DIRECT MKTG MISC"
  Expenses:Clothing      55.64 USD
  Liabilities:American-Express      -55.64 USD

2015-05-14 * "CHECKCARD 0512 GRACEFUL EXPRESSI"
  Expenses:Dance      35.00 USD
  Assets:Banking:BofA:Checking      -35.00 USD

2015-05-14 * "CHECKCARD 0512 HOMESCHOOL GATHER"
  Expenses:Education      99.54 USD
  Assets:Banking:BofA:Checking      -99.54 USD

2015-05-14 * "TIME WARNER CABLE RALEIGH DURHAM"
  Expenses:Utilities:TV-Internet      90.96 USD
  Assets:Banking:BofA:Checking      -90.96 USD

2015-05-14 * "Wake County Parks"
  Expenses:Entertainment:Recreation      12.00 USD
  Assets:Banking:BofA:Checking      -12.00 USD

2015-05-15 * "DUKE ENERGY PROGRESS Bill Paymen"
  Expenses:Utilities:Electric      100.74 USD
  Assets:Banking:BofA:Checking      -100.74 USD

2015-05-15 * "RALEIGH RADIOLOG DES:DIRECT DEP"
  Assets:Banking:BofA:Checking      8188.25 USD
  Expenses:Taxes:Federal      3347.93 USD
  Expenses:Taxes:Medicare      193.26 USD
  Expenses:Taxes:State      705.00 USD
  Assets:Investments:Raleigh-Radiology-PSP      750.00 USD
  Expenses:Insurance:Health      281.81 USD
  Expenses:Taxes:Medicare-HI      0.0 
  Expenses:DisabilityPlan      118.75 USD
  Expenses:PAC-Radiology      25.00 USD
  Expenses:Taxes:Social-Security      0.0 
  Income:RalRad:Salary      -13610.00 USD

2015-05-15 * "Triangle Green Cleaning"
  Expenses:House:Cleaning      154.00 USD
  Assets:Banking:BofA:Checking      -154.00 USD

2015-05-15 * "001 DIRECT MKTG MISC"
  Liabilities:American-Express      74.19 USD
  Expenses:Clothing      -74.19 USD

2015-05-15 * "9198063442"
  Liabilities:American-Express      72.43 USD
  Expenses:Clothing      -72.43 USD

2015-05-15 * "DEPARTMENT STORE"
  Expenses:Clothing      32.20 USD
  Liabilities:American-Express      -32.20 USD

2015-05-16 * "000386669 000-0000000"
  Expenses:Auto:Gas      33.67 USD
  Liabilities:American-Express      -33.67 USD

2015-05-16 * "000507220059193540350"
  Expenses:Groceries      88.87 USD
  Liabilities:American-Express      -88.87 USD

2015-05-16 * "00765837 DISCOUNT STORE"
  Expenses:Household      6.18 USD
  Liabilities:American-Express      -6.18 USD

2015-05-16 * "73011005137 (919)872-1999"
  Expenses:Auto:Maintenance      19.75 USD
  Liabilities:American-Express      -19.75 USD

2015-05-17 * "000600690349197818776"
  Expenses:Groceries      26.45 USD
  Liabilities:American-Express      -26.45 USD

2015-05-17 * "00060722004 9193540350"
  Expenses:Groceries      97.09 USD
  Liabilities:American-Express      -97.09 USD

2015-05-17 * "0516190843 919-881-9778"
  Expenses:Dining      130.76 USD
  Liabilities:American-Express      -130.76 USD

2015-05-18 * "CHECKCARD 0515 HITTO SALON 2 CAR"
  Expenses:Haircut      33.00 USD
  Assets:Banking:BofA:Checking      -33.00 USD

2015-05-18 * "CHECKCARD 0516 HOMEWOOD NURSERY"
  Expenses:Household      12.79 USD
  Assets:Banking:BofA:Checking      -12.79 USD

2015-05-18 * "00784463 DISCOUNT STORE"
  Expenses:Household      47.40 USD
  Liabilities:American-Express      -47.40 USD

2015-05-19 * "ALLSTATE INSURANCE Bill Payment"
  Expenses:Insurance:Auto      608.61 USD
  Assets:Banking:BofA:Checking      -608.61 USD

2015-05-19 * "NOBLE #2171RALEIGH"
  Expenses:Education      23.90 USD
  Liabilities:American-Express      -23.90 USD

2015-05-19 * "00029033 919-572-9090"
  Expenses:Miscellaneous      1.98 USD
  Liabilities:American-Express      -1.98 USD

2015-05-19 * "00029058 919-572-9090"
  Expenses:Miscellaneous      6.49 USD
  Liabilities:American-Express      -6.49 USD

2015-05-19 * "73011005139 (919)872-1999"
  Expenses:Auto:Maintenance      57.15 USD
  Liabilities:American-Express      -57.15 USD

2015-05-19 * "81417119 402-935-7733"
  Expenses:Charity      35.00 USD
  Liabilities:American-Express      -35.00 USD

2015-05-19 * "81472425 402-935-7733"
  Expenses:Household      35.00 USD
  Liabilities:American-Express      -35.00 USD

2015-05-19 * "DRY CLEANER"
  Expenses:Dry-Cleaning      32.49 USD
  Liabilities:American-Express      -32.49 USD

2015-05-20 * "1220540 RESTAURANT"
  Expenses:Travel:Dining      7.58 USD
  Liabilities:American-Express      -7.58 USD

2015-05-21 * "T MOBILITY Bill Payment"
  Expenses:Utilities:Phone      111.81 USD
  Assets:Banking:BofA:Checking      -111.81 USD

2015-05-22 * "832389536 (480)505-8855"
  Expenses:Computer      1.17 USD
  Liabilities:American-Express      -1.17 USD

2015-05-24 * "081100514 210-8266600"
  Expenses:Travel:Dining      9.72 USD
  Liabilities:American-Express      -9.72 USD

2015-05-24 * "081130342 210-8266600"
  Expenses:Dining      3.73 USD
  Liabilities:American-Express      -3.73 USD

2015-05-24 * "560877 GOVERNMENT SERVICE"
  Expenses:Auto:Parking      60.00 USD
  Liabilities:American-Express      -60.00 USD

2015-05-25 * "0000010303 404-766-5777"
  Expenses:Travel:Dining      13.18 USD
  Liabilities:American-Express      -13.18 USD

2015-05-25 * "000027614 8284180140"
  Expenses:Groceries      12.86 USD
  Liabilities:American-Express      -12.86 USD

2015-05-25 * "10156320150 9194698009"
  Expenses:Dining      35.61 USD
  Liabilities:American-Express      -35.61 USD

2015-05-25 * "10156320150 9194698009"
  Expenses:Dining      1.24 USD
  Liabilities:American-Express      -1.24 USD

2015-05-26 * "Balance adjustment"
  Assets:Investments:Raleigh-Radiology-PSP      11404.81 USD
  Equity:Opening-Balances      -11404.81 USD

2015-05-26 * "000507220089193540350"
  Expenses:Groceries      221.37 USD
  Liabilities:American-Express      -221.37 USD

2015-05-26 * "00736911 DISCOUNT STORE"
  Expenses:Household      46.41 USD
  Liabilities:American-Express      -46.41 USD

2015-05-26 * "01234743 DISCOUNT STORE"
  Liabilities:American-Express      11.09 USD
  Expenses:Household      -11.09 USD

2015-05-26 * "01579361 DISCOUNT STORE"
  Expenses:Household      4.26 USD
  Liabilities:American-Express      -4.26 USD

2015-05-27 * "000501500 000-0000000"
  Expenses:Auto:Gas      48.51 USD
  Liabilities:American-Express      -48.51 USD

2015-05-27 * "APP ST"
  Expenses:Entertainment:Music-Movies      10.65 USD
  Liabilities:American-Express      -10.65 USD

2015-05-28 * "CHECKCARD 0526 RELEVE DANCEWEAR"
  Expenses:Dance      21.34 USD
  Assets:Banking:BofA:Checking      -21.34 USD

2015-05-28 * "Wendy Wang"
  Expenses:Education:Chinese      25.00 USD
  Assets:Banking:BofA:Checking      -25.00 USD

2015-05-28 * "Wendy Wang"
  Expenses:Education:Chinese      25.00 USD
  Assets:Banking:BofA:Checking      -25.00 USD

2015-05-28 * "IG51JN50Q4L BOOK STORES"
  Expenses:Household      9.60 USD
  Liabilities:American-Express      -9.60 USD

2015-05-28 * "INV # 19506 919-380-3210"
  Expenses:Household      26.75 USD
  Liabilities:American-Express      -26.75 USD

2015-05-28 * "APP ST"
  Expenses:Entertainment:Music-Movies      0.99 USD
  Liabilities:American-Express      -0.99 USD

2015-05-29 * "CHECKCARD 0527 HOMESCHOOL GATHER"
  Expenses:Education      65.38 USD
  Assets:Banking:BofA:Checking      -65.38 USD

2015-05-29 * "RALEIGH RADIOLOG DES:DIRECT DEP"
  Assets:Banking:BofA:Checking      8188.25 USD
  Expenses:Taxes:Federal      3347.93 USD
  Expenses:Taxes:Medicare      193.26 USD
  Expenses:Taxes:State      705.00 USD
  Assets:Investments:Raleigh-Radiology-PSP      750.00 USD
  Expenses:Insurance:Health      281.81 USD
  Expenses:Taxes:Medicare-HI      0.0 
  Expenses:DisabilityPlan      118.75 USD
  Expenses:PAC-Radiology      25.00 USD
  Expenses:Taxes:Social-Security      0.0 
  Income:RalRad:Salary      -13610.00 USD

2015-05-29 * "Triangle Green Cleaning"
  Expenses:House:Cleaning      154.00 USD
  Assets:Banking:BofA:Checking      -154.00 USD

2015-05-29 * "Reinvest-Dividend"
  Assets:Investments:Vanguard:Joint:DRIP:VWIUX      31.2850 VWIUX { 14.10004795 USD } 
  Income:DRIPs:Taxable:VWIUX      -441.12 USD

2015-05-29 * "384816370003848163700000000027617"
  Expenses:Household      66.67 USD
  Liabilities:American-Express      -66.67 USD

2015-05-29 * "99999995149 8002892273"
  Expenses:Household      14.40 USD
  Liabilities:American-Express      -14.40 USD

2015-05-30 * "00006259 001015989720001 80122"
  Expenses:Education      346.77 USD
  Liabilities:American-Express      -346.77 USD

2015-05-30 * "99999995150 8002892273"
  Liabilities:American-Express      9.07 USD
  Expenses:Household      -9.07 USD

2015-05-30 * "99999995150 8002892273"
  Expenses:Household      13.33 USD
  Liabilities:American-Express      -13.33 USD

2015-05-30 * "IG5XRRW5II2 BOOK STORES"
  Expenses:Household      45.24 USD
  Liabilities:American-Express      -45.24 USD

2015-05-30 * "IG5ZAZZDAX6 BOOK STORES"
  Expenses:Household      52.56 USD
  Liabilities:American-Express      -52.56 USD

2015-05-31 * "Monthly Interest Paid"
  Assets:Banking:Capital-One:Savings:Joint      19.19 USD
  Income:Interest:Savings      -19.19 USD

2015-05-31 * "Monthly Interest Paid"
  Assets:Banking:Capital-One:Savings:Kids      2.15 USD
  Income:Interest:Savings      -2.15 USD

2015-05-31 * "000428780 9196213281"
  Expenses:Dining      3.44 USD
  Liabilities:American-Express      -3.44 USD

2015-05-31 * "Interest Posted"
  Assets:HSA:Benefit-Wallet      0.99 USD
  Income:Interest:HSA      -0.99 USD

2015-06-01 * "Transfer to Savings/Givings"
  Assets:Banking:BofA:Savings-Giving      1000.00 USD
  Assets:Banking:BofA:Checking      -1000.00 USD

2015-06-01 * "CHECKCARD 0531 WISE ACRES INDIAN"
  Expenses:Groceries      50.94 USD
  Assets:Banking:BofA:Checking      -50.94 USD

2015-06-01 * "CHECKCARD 0531 WISE ACRES INDIAN"
  Expenses:Groceries      5.14 USD
  Assets:Banking:BofA:Checking      -5.14 USD

2015-06-01 * "Online Banking payment to MTG 49"
  Liabilities:Mortgage      7000.00 USD
  Assets:Banking:BofA:Checking      -7000.00 USD

2015-06-01 * "Bank of America DES:MORTGAGE ID:"
  Expenses:Mortgage-Interest      556.62 USD
  Assets:Banking:Mortgage-Escrow      701.61 USD
  Liabilities:Mortgage      928.64 USD
  Assets:Banking:BofA:Checking      -2186.87 USD

2015-06-01 * "Batchelor Tillery and Roberts"
  Expenses:Tax-Preparation      1154.06 USD
  Assets:Banking:BofA:Checking      -1154.06 USD

2015-06-01 * "000046006 8284180140"
  Expenses:Groceries      16.39 USD
  Liabilities:American-Express      -16.39 USD

2015-06-01 * "85180895152100234632965 27519"
  Expenses:Charity      500.00 USD
  Liabilities:American-Express      -500.00 USD

2015-06-01 * "000246423 4102797771"
  Expenses:Dining      1.07 USD
  Liabilities:American-Express      -1.07 USD

2015-06-01 * "00026673 704-753-1925"
  Expenses:Auto:Gas      39.09 USD
  Liabilities:American-Express      -39.09 USD

2015-06-02 * "BKOFAMERICA MOBILE 06/02 3356894"
  Assets:Banking:BofA:Checking      30.00 USD
  Expenses:Education      -30.00 USD

2015-06-02 * "000107060109198168830"
  Expenses:Groceries      18.40 USD
  Liabilities:American-Express      -18.40 USD

2015-06-03 * "CHECKCARD 0602 GRACEFUL EXPRESSI"
  Expenses:Dance      58.50 USD
  Assets:Banking:BofA:Checking      -58.50 USD

2015-06-03 * "Graceful Expressions"
  Expenses:Dance      88.00 USD
  Assets:Banking:BofA:Checking      -88.00 USD

2015-06-03 * "Weed Man"
  Expenses:House:Yard-care      42.00 USD
  Assets:Banking:BofA:Checking      -42.00 USD

2015-06-03 * "ELECTRONIC PAYMENT RECEIVED-THA"
  Liabilities:American-Express      5591.39 USD
  Assets:Banking:BofA:Checking      -5591.39 USD

2015-06-03 * "00020702004 9198281589"
  Expenses:Groceries      278.78 USD
  Liabilities:American-Express      -278.78 USD

2015-06-03 * "00745721 DISCOUNT STORE"
  Expenses:Household      6.18 USD
  Liabilities:American-Express      -6.18 USD

2015-06-04 * "Town o"
  Expenses:Dance      17.08 USD
  Assets:Banking:BofA:Checking      -17.08 USD

2015-06-04 * "PSNC ENERGY Bill Payment"
  Expenses:Utilities:Gas      36.52 USD
  Assets:Banking:BofA:Checking      -36.52 USD

2015-06-04 * "000306401 01174000306401 27617"
  Expenses:Household      8.52 USD
  Liabilities:American-Express      -8.52 USD

2015-06-04 * "10156320150 9194698009"
  Expenses:Dining      33.96 USD
  Liabilities:American-Express      -33.96 USD

2015-06-04 * "CRAFT"
  Expenses:Hobbies      1.91 USD
  Liabilities:American-Express      -1.91 USD

2015-06-04 * "OFIIZR Cary"
  Expenses:Dining      3.50 USD
  Liabilities:American-Express      -3.50 USD

2015-06-05 * "Reinvest Dividend"
  Assets:Investments:Vanguard:Todd:TradIRA:DRIP:BND      0.0220 BND { 81.81818182 USD } 
  Income:DRIPs:IRA-Traditional:BND      -1.80 USD

2015-06-05 * "Reinvest-Dividend"
  Assets:Investments:Vanguard:Todd:RothIRA:DRIP:BND      0.0090 BND { 80.00 USD } 
  Income:DRIPs:IRA-Roth:BND      -0.72 USD

2015-06-05 * "CRAFT"
  Expenses:Arts-Crafts      3.19 USD
  Liabilities:American-Express      -3.19 USD

2015-06-05 * "TS13982 DIRECT MKTG MISC"
  Expenses:Clothing      56.42 USD
  Liabilities:American-Express      -56.42 USD

2015-06-06 * "000503670369195544167"
  Expenses:Groceries      1.07 USD
  Liabilities:American-Express      -1.07 USD

2015-06-06 * "000507020039198281589"
  Expenses:Groceries      34.78 USD
  Liabilities:American-Express      -34.78 USD

2015-06-06 * "00746084 DISCOUNT STORE"
  Expenses:Household      36.84 USD
  Liabilities:American-Express      -36.84 USD

2015-06-06 * "7237017924 9704542722"
  Expenses:Charity      100.00 USD
  Liabilities:American-Express      -100.00 USD

2015-06-06 * "SESXSM squareup.com/receipts"
  Expenses:Dining      11.53 USD
  Liabilities:American-Express      -11.53 USD

2015-06-07 * "00147030 919-881-9596"
  Expenses:Auto:Gas      34.85 USD
  Liabilities:American-Express      -34.85 USD

2015-06-07 * "LR9PBRLOEXL BOOK STORES"
  Expenses:Household      47.94 USD
  Liabilities:American-Express      -47.94 USD

2015-06-08 * "CHECKCARD 0606 HOMEWOOD NURSERY"
  Expenses:Household      15.97 USD
  Assets:Banking:BofA:Checking      -15.97 USD

2015-06-08 * "Interest Earned"
  Assets:Banking:BofA:Checking      0.09 USD
  Income:Interest:Checking      -0.09 USD

2015-06-08 * "Machiko"
  Expenses:Education:Piano      280.00 USD
  Assets:Banking:BofA:Checking      -280.00 USD

2015-06-08 * "Machiko"
  Expenses:House:Homeowners-Dues      13.50 USD
  Assets:Banking:BofA:Checking      -13.50 USD

2015-06-08 * "Interest Earned"
  Assets:Banking:BofA:Savings-Giving      0.03 USD
  Income:Interest:Savings      -0.03 USD

2015-06-09 * "&"
  Expenses:Entertainment      20.00 USD
  Assets:Banking:BofA:Checking      -20.00 USD

2015-06-09 * "NOBLE #2171RALEIGH"
  Expenses:Household      11.09 USD
  Liabilities:American-Express      -11.09 USD

2015-06-09 * "000807020049198281589"
  Expenses:Groceries      203.84 USD
  Liabilities:American-Express      -203.84 USD

2015-06-09 * "000807020059198281589"
  Expenses:Groceries      17.52 USD
  Liabilities:American-Express      -17.52 USD

2015-06-09 * "0319129 AUTO FUEL DISPENSER"
  Expenses:Auto:Gas      14.47 USD
  Liabilities:American-Express      -14.47 USD

2015-06-09 * "1 7045478100"
  Expenses:Clothing      48.03 USD
  Liabilities:American-Express      -48.03 USD

2015-06-10 * "CITY OF RALEIGH Bill Payment"
  Expenses:Utilities:Water      84.86 USD
  Assets:Banking:BofA:Checking      -84.86 USD

2015-06-10 * "Brier Creek Country Club"
  Expenses:House:Homeowners-Dues      149.00 USD
  Assets:Banking:BofA:Checking      -149.00 USD

2015-06-10 * "00760931 DISCOUNT STORE"
  Expenses:Household      12.78 USD
  Liabilities:American-Express      -12.78 USD

2015-06-10 * "01574974 DISCOUNT STORE"
  Expenses:Household      3.50 USD
  Liabilities:American-Express      -3.50 USD

2015-06-11 * "1 7045478100"
  Liabilities:American-Express      48.03 USD
  Expenses:Clothing      -48.03 USD

2015-06-11 * "JI48QNZZLCV MERCHANDISE"
  Expenses:Household      118.78 USD
  Liabilities:American-Express      -118.78 USD

2015-06-11 * "APP ST"
  Expenses:Entertainment:Music-Movies      5.33 USD
  Liabilities:American-Express      -5.33 USD

2015-06-11 * "Raleigh-Radiology contribution"
  Assets:HSA:Benefit-Wallet      1350.00 USD
  Income:HSA-Contribution-RRA      -1350.00 USD

2015-06-12 * "Deposit"
  Assets:Banking:BofA:Checking      14500.00 USD
  Assets:Banking:Cash:Home      -14500.00 USD

2015-06-12 * "Online Banking transfer from SAV"
  Assets:Banking:BofA:Checking      3000.00 USD
  Assets:Banking:BofA:Savings-Giving      -3000.00 USD

2015-06-12 * "CHECKCARD 0610 TOWN OF CARY-PARK"
  Expenses:Education:Art      72.00 USD
  Assets:Banking:BofA:Checking      -72.00 USD

2015-06-12 * "TIME WARNER CABLE RALEIGH DURHAM"
  Expenses:Utilities:TV-Internet      90.96 USD
  Assets:Banking:BofA:Checking      -90.96 USD

2015-06-12 * "Triangle Green Cleaning"
  Expenses:House:Cleaning      154.00 USD
  Assets:Banking:BofA:Checking      -154.00 USD

2015-06-12 * "000002464 9192930100"
  Expenses:Dining      9.99 USD
  Liabilities:American-Express      -9.99 USD

2015-06-12 * "35946956 402-935-7733"
  Expenses:Household      17.60 USD
  Liabilities:American-Express      -17.60 USD

2015-06-12 * "Customer.Service@auto"
  Expenses:Auto:Gas      10.65 USD
  Liabilities:American-Express      -10.65 USD

2015-06-12 * "OGIITA Cary"
  Expenses:Dining      3.50 USD
  Liabilities:American-Express      -3.50 USD

2015-06-13 * "000207220049193540350"
  Expenses:Groceries      106.58 USD
  Liabilities:American-Express      -106.58 USD

2015-06-13 * "000451334 000-0000000"
  Expenses:Auto:Gas      48.27 USD
  Liabilities:American-Express      -48.27 USD

2015-06-13 * "06120363418 800-654-0688"
  Expenses:Household      2.12 USD
  Liabilities:American-Express      -2.12 USD

2015-06-13 * "1504-30885 9704542722"
  Expenses:Charity      1500.00 USD
  Liabilities:American-Express      -1500.00 USD

2015-06-13 * "1504-30888 9704542722"
  Expenses:Charity      1500.00 USD
  Liabilities:American-Express      -1500.00 USD

2015-06-14 * "10156320150 9194698009"
  Expenses:Dining      33.85 USD
  Liabilities:American-Express      -33.85 USD

2015-06-14 * "ROU7V3MLVRQ BOOK STORES"
  Expenses:Household      36.09 USD
  Liabilities:American-Express      -36.09 USD

2015-06-15 * "RALEIGH RADIOLOG DES:DIRECT DEP"
  Assets:Banking:BofA:Checking      8188.25 USD
  Expenses:Taxes:Federal      3347.93 USD
  Expenses:Taxes:Medicare      193.26 USD
  Expenses:Taxes:State      705.00 USD
  Assets:Investments:Raleigh-Radiology-PSP      750.00 USD
  Expenses:Insurance:Health      281.81 USD
  Expenses:Taxes:Medicare-HI      0.0 
  Expenses:DisabilityPlan      118.75 USD
  Expenses:PAC-Radiology      25.00 USD
  Expenses:Taxes:Social-Security      0.0 
  Income:RalRad:Salary      -13610.00 USD

2015-06-15 * "000048172 8284180140"
  Expenses:Groceries      12.94 USD
  Liabilities:American-Express      -12.94 USD

2015-06-15 * "00790155 DISCOUNT STORE"
  Expenses:Household      9.00 USD
  Liabilities:American-Express      -9.00 USD

2015-06-16 * "CRAFT"
  Expenses:Education:Art      4.63 USD
  Liabilities:American-Express      -4.63 USD

2015-06-16 * "85185645167919-852-1322"
  Expenses:Dental      354.00 USD
  Liabilities:American-Express      -354.00 USD

2015-06-16 * "9198063442"
  Expenses:Clothing      21.45 USD
  Liabilities:American-Express      -21.45 USD

2015-06-17 * "CHECKCARD 0616 GRACEFUL EXPRESSI"
  Expenses:Dance      10.00 USD
  Assets:Banking:BofA:Checking      -10.00 USD

2015-06-17 * "CHECKCARD 0616 HITTO SALON 2 CAR"
  Expenses:Haircut      44.00 USD
  Assets:Banking:BofA:Checking      -44.00 USD

2015-06-17 * "CHECKCARD 0616 WHOLEFDS CAR 1013"
  Expenses:Groceries      17.06 USD
  Assets:Banking:BofA:Checking      -17.06 USD

2015-06-17 * "00006349 919-957-2660"
  Expenses:Household      3.19 USD
  Liabilities:American-Express      -3.19 USD

2015-06-17 * "000607060029198168830"
  Expenses:Groceries      214.87 USD
  Liabilities:American-Express      -214.87 USD

2015-06-17 * "000607060029198168830"
  Expenses:Groceries      50.38 USD
  Liabilities:American-Express      -50.38 USD

2015-06-18 * "CHECKCARD 0617 IN *THREE BEARS A"
  Expenses:Entertainment      40.00 USD
  Assets:Banking:BofA:Checking      -40.00 USD

2015-06-18 * "000707220109193540350"
  Expenses:Groceries      26.91 USD
  Liabilities:American-Express      -26.91 USD

2015-06-19 * "T MOBILITY Bill Payment"
  Expenses:Utilities:Phone      111.81 USD
  Assets:Banking:BofA:Checking      -111.81 USD

2015-06-19 * "DUKE ENERGY PROGRESS Bill Paymen"
  Expenses:Utilities:Electric      134.14 USD
  Assets:Banking:BofA:Checking      -134.14 USD

2015-06-19 * "00766713 DISCOUNT STORE"
  Expenses:Household      104.62 USD
  Liabilities:American-Express      -104.62 USD

2015-06-19 * "49317054 402-935-7733"
  Expenses:Household      25.00 USD
  Liabilities:American-Express      -25.00 USD

2015-06-19 * "50406043 402-935-7733"
  Expenses:Charity      35.00 USD
  Liabilities:American-Express      -35.00 USD

2015-06-19 * "51429940 402-935-7733"
  Expenses:Household      27.07 USD
  Liabilities:American-Express      -27.07 USD

2015-06-20 * "10156320150 9194698009"
  Expenses:Dining      34.85 USD
  Liabilities:American-Express      -34.85 USD

2015-06-21 * "000049069 8284180140"
  Expenses:Groceries      36.80 USD
  Liabilities:American-Express      -36.80 USD

2015-06-21 * "01475019832 9195724500"
  Expenses:Clothing      118.14 USD
  Liabilities:American-Express      -118.14 USD

2015-06-21 * "01475019835 9195724500"
  Liabilities:American-Express      59.44 USD
  Expenses:Clothing      -59.44 USD

2015-06-21 * "038791 BEAUTY/BARBER SHOP"
  Expenses:Clothing      25.62 USD
  Liabilities:American-Express      -25.62 USD

2015-06-22 * "CHECKCARD 0619 HOMEWOOD NURSERY"
  Expenses:Household      59.74 USD
  Assets:Banking:BofA:Checking      -59.74 USD

2015-06-22 * "000107220079193540350"
  Expenses:Groceries      323.44 USD
  Liabilities:American-Express      -323.44 USD

2015-06-22 * "001 DIRECT MKTG MISC"
  Liabilities:American-Express      56.42 USD
  Expenses:Clothing      -56.42 USD

2015-06-22 * "60140009097 FAMILY CLOTHING"
  Expenses:Clothing      74.66 USD
  Liabilities:American-Express      -74.66 USD

2015-06-22 * "APP ST"
  Expenses:Entertainment:Music-Movies      5.32 USD
  Liabilities:American-Express      -5.32 USD

2015-06-23 * "CHECKCARD 0622 LANIER PARKING 10"
  Expenses:Auto:Parking      10.00 USD
  Assets:Banking:BofA:Checking      -10.00 USD

2015-06-23 * "Homeowners insurance payment"
  Expenses:Escrow-Items      1651.00 USD
  Assets:Banking:Mortgage-Escrow      -1651.00 USD

2015-06-23 * "Bought Facebook"
  Assets:Investments:Etrade:Stocks:FB      200.0000 FB { 87.256 USD } 
  Expenses:Investment-Expenses:Commissions:Etrade      9.99 USD
  Assets:Investments:Etrade:Cash      -17461.19 USD

2015-06-23 * "000281123 000-0000000"
  Expenses:Auto:Gas      44.46 USD
  Liabilities:American-Express      -44.46 USD

2015-06-23 * "10791200617 RESTAURANT"
  Expenses:Dining      78.77 USD
  Liabilities:American-Express      -78.77 USD

2015-06-23 * "OHVR3O Raleigh"
  Expenses:Dining      4.26 USD
  Liabilities:American-Express      -4.26 USD

2015-06-24 * "transfer from boa checking"
  Assets:Investments:Etrade:Cash      15000.00 USD
  Assets:Banking:BofA:Checking      -15000.00 USD

2015-06-24 * "00166158 919-881-9596"
  Expenses:Auto:Gas      36.39 USD
  Liabilities:American-Express      -36.39 USD

2015-06-24 * "01805044155 _"
  Liabilities:American-Express      58.70 USD
  Expenses:Household      -58.70 USD

2015-06-24 * "458205492448662355443"
  Expenses:Clothing      50.81 USD
  Liabilities:American-Express      -50.81 USD

2015-06-24 * "593850 SPORTING GOODS STORE"
  Expenses:Clothing      28.81 USD
  Liabilities:American-Express      -28.81 USD

2015-06-24 * "OHZSP6 Cary"
  Expenses:Dining      4.90 USD
  Liabilities:American-Express      -4.90 USD

2015-06-25 * "Reinvest Dividend"
  Assets:Investments:Vanguard:Joint:DRIP:VTIAX      172.7690 VTIAX { 27.8000683 USD } 
  Income:DRIPs:Taxable:VTIAX      -4802.99 USD

2015-06-25 * "Reinvest Dividend"
  Assets:Investments:Vanguard:Joint:DRIP:VTSAX      99.6870 VTSAX { 53.07994021 USD } 
  Income:DRIPs:Taxable:VTSAX      -5291.38 USD

2015-06-25 * "Reinvest Dividend"
  Assets:Investments:Vanguard:Todd:TradIRA:DRIP:VGSLX      9.8450 VGSLX { 106.78110716 USD } 
  Income:DRIPs:IRA-Traditional:VGSLX      -1051.26 USD

2015-06-25 * "Reinvest Dividend"
  Assets:Investments:Vanguard:Todd:RothIRA:DRIP:VGSLX      3.3490 VGSLX { 106.78710063 USD } 
  Income:DRIPs:IRA-Roth:VGSLX      -357.63 USD

2015-06-25 * "017874001 800-2758777"
  Expenses:Miscellaneous      25.00 USD
  Liabilities:American-Express      -25.00 USD

2015-06-25 * "DRY CLEANER"
  Expenses:Dry-Cleaning      29.81 USD
  Liabilities:American-Express      -29.81 USD

2015-06-26 * "CHECKCARD 0624 HITTO SALON 2 CAR"
  Expenses:Haircut      23.00 USD
  Assets:Banking:BofA:Checking      -23.00 USD

2015-06-26 * "Triangle Green Cleaning"
  Expenses:House:Cleaning      154.00 USD
  Assets:Banking:BofA:Checking      -154.00 USD

2015-06-26 * "000022839 8284180140"
  Expenses:Groceries      23.90 USD
  Liabilities:American-Express      -23.90 USD

2015-06-26 * "000240095 000-0000000"
  Expenses:Auto:Gas      49.70 USD
  Liabilities:American-Express      -49.70 USD

2015-06-26 * "SHKLEJ squareup.com/receipts"
  Expenses:Dining      3.21 USD
  Liabilities:American-Express      -3.21 USD

2015-06-27 * "NOBLE #2171RALEIGH"
  Expenses:Books      3.50 USD
  Liabilities:American-Express      -3.50 USD

2015-06-27 * "00845845 DISCOUNT STORE"
  Expenses:Household      102.83 USD
  Liabilities:American-Express      -102.83 USD

2015-06-27 * "035012685 9193619488"
  Expenses:Medical      644.88 USD
  Liabilities:American-Express      -644.88 USD

2015-06-27 * "9197675971 APPLE ONLINE STORES"
  Expenses:Computer      105.68 USD
  Liabilities:American-Express      -105.68 USD

2015-06-27 * "DEPARTMENT STORE"
  Expenses:Clothing      139.70 USD
  Liabilities:American-Express      -139.70 USD

2015-06-27 * "INV # 46311 919-510-9667"
  Expenses:Household      14.92 USD
  Liabilities:American-Express      -14.92 USD

2015-06-28 * "000707220039193540350"
  Expenses:Groceries      202.03 USD
  Liabilities:American-Express      -202.03 USD

2015-06-28 * "000707220109193540350"
  Expenses:Groceries      26.19 USD
  Liabilities:American-Express      -26.19 USD

2015-06-28 * "000707220119193540350"
  Expenses:Groceries      3.48 USD
  Liabilities:American-Express      -3.48 USD

2015-06-28 * "APP ST"
  Expenses:Entertainment:Music-Movies      0.99 USD
  Liabilities:American-Express      -0.99 USD

2015-06-29 * "000807050033367229233"
  Expenses:Groceries      12.44 USD
  Liabilities:American-Express      -12.44 USD

2015-06-29 * "6677301838 DVD RENTALS"
  Expenses:Utilities:TV-Internet      9.60 USD
  Liabilities:American-Express      -9.60 USD

2015-06-29 * "C05L2TAXLNP BOOK STORES"
  Expenses:Household      40.10 USD
  Liabilities:American-Express      -40.10 USD

2015-06-29 * "JNVV112T7SF BOOK STORES"
  Expenses:Household      15.98 USD
  Liabilities:American-Express      -15.98 USD

2015-06-30 * "BKOFAMERICA MOBILE 06/30 3363288"
  Assets:Banking:BofA:Checking      177.00 USD
  Expenses:Dental      -177.00 USD

2015-06-30 * "BKOFAMERICA MOBILE 06/30 3363288"
  Assets:Banking:BofA:Checking      177.00 USD
  Expenses:Dental      -177.00 USD

2015-06-30 * "CHECKCARD 0629 ZALOOS CANOES PFA"
  Expenses:Entertainment      48.41 USD
  Assets:Banking:BofA:Checking      -48.41 USD

2015-06-30 * "RALEIGH RADIOLOG DES:DIRECT DEP"
  Assets:Banking:BofA:Checking      8173.72 USD
  Expenses:Taxes:Federal      3347.93 USD
  Expenses:Taxes:Medicare      193.25 USD
  Expenses:Taxes:State      705.00 USD
  Assets:Investments:Raleigh-Radiology-PSP      750.00 USD
  Expenses:Insurance:Health      281.81 USD
  Expenses:Taxes:Medicare-HI      14.54 USD
  Expenses:DisabilityPlan      118.75 USD
  Expenses:PAC-Radiology      25.00 USD
  Expenses:Taxes:Social-Security      0.0 
  Income:RalRad:Salary      -13610.00 USD

2015-06-30 * "ElecCheck 3372 ElecCheck 3372 PA-Sofia's passport"
  Expenses:Miscellaneous      80.00 USD
  Assets:Banking:BofA:Checking      -80.00 USD

2015-06-30 * "Monthly Interest Paid"
  Assets:Banking:Capital-One:Savings:Joint      18.58 USD
  Income:Interest:Savings      -18.58 USD

2015-06-30 * "Monthly Interest Paid"
  Assets:Banking:Capital-One:Savings:Kids      2.08 USD
  Income:Interest:Savings      -2.08 USD

2015-06-30 * "Reinvest-Dividend"
  Assets:Investments:Vanguard:Joint:DRIP:VWIUX      30.0010 VWIUX { 14.05019833 USD } 
  Income:DRIPs:Taxable:VWIUX      -421.52 USD

2015-06-30 * "000020660 3369212697"
  Expenses:Dining      3.32 USD
  Liabilities:American-Express      -3.32 USD

2015-06-30 * "00804943 DISCOUNT STORE"
  Expenses:Household      47.67 USD
  Liabilities:American-Express      -47.67 USD

2015-06-30 * "0352823 AUTO FUEL DISPENSER"
  Expenses:Auto:Gas      37.91 USD
  Liabilities:American-Express      -37.91 USD

2015-06-30 * "74270745181 336-246-9133"
  Expenses:Clothing      63.13 USD
  Liabilities:American-Express      -63.13 USD

2015-06-30 * "85428145181 USFC28694"
  Expenses:Dining      41.94 USD
  Liabilities:American-Express      -41.94 USD

2015-06-30 * "distribution"
  Assets:Medical-Mutual      432.83 USD
  Income:Distribution-Medical-Mutual      -432.83 USD

2015-07-01 * "Online scheduled transfer to Sav"
  Assets:Banking:BofA:Savings-Giving      1000.00 USD
  Assets:Banking:BofA:Checking      -1000.00 USD

2015-07-01 * "CHECKCARD 0629 ASHE COUNTY CHEES"
  Expenses:Groceries      4.71 USD
  Assets:Banking:BofA:Checking      -4.71 USD

2015-07-01 * "Bank of America DES:MORTGAGE ID:"
  Expenses:Mortgage-Interest      584.37 USD
  Assets:Banking:Mortgage-Escrow      701.61 USD
  Liabilities:Mortgage      674.23 USD
  Assets:Banking:BofA:Checking      -1960.21 USD

2015-07-01 * "000037204 8284180140"
  Expenses:Groceries      14.92 USD
  Liabilities:American-Express      -14.92 USD

2015-07-01 * "549200309 4016830800"
  Expenses:Subscriptions      60.00 USD
  Liabilities:American-Express      -60.00 USD

2015-07-01 * "85180895182100239439212 27519"
  Expenses:Charity      500.00 USD
  Liabilities:American-Express      -500.00 USD

2015-07-01 * "Interest Posted"
  Assets:HSA:Benefit-Wallet      0.99 USD
  Income:Interest:HSA      -0.99 USD

2015-07-02 * "RALEIGH IMAGING DES:DISTRIB ID:4"
  Assets:Banking:BofA:Checking      27000.00 USD
  Income:RalRad:Distribution      -27000.00 USD

2015-07-02 * "RALEIGH RADIOLOG DES:DIRECT DEP"
  Assets:Banking:BofA:Checking      25646.22 USD
  Expenses:Taxes:Federal      25529.44 USD
  Expenses:Taxes:Medicare      848.82 USD
  Expenses:Taxes:State      5988.00 USD
  Assets:Investments:Raleigh-Radiology-PSP      0.0 
  Expenses:Insurance:Health      0.0 
  Expenses:Taxes:Medicare-HI      526.85 USD
  Expenses:DisabilityPlan      0.0 
  Expenses:PAC-Radiology      0.0 
  Expenses:Taxes:Social-Security      0.0 
  Income:RalRad:Bonus      -58539.33 USD

2015-07-02 * "1484003 8636881188"
  Expenses:Groceries      4.02 USD
  Liabilities:American-Express      -4.02 USD

2015-07-02 * "18379015 704-739-9980"
  Expenses:Auto:Gas      48.82 USD
  Liabilities:American-Express      -48.82 USD

2015-07-02 * "SIEFBF Greenville"
  Expenses:Dining      7.41 USD
  Liabilities:American-Express      -7.41 USD

2015-07-03 * "ELECTRONIC PAYMENT RECEIVED-THA"
  Liabilities:American-Express      3406.24 USD
  Assets:Banking:BofA:Checking      -3406.24 USD

2015-07-03 * "000207140118643352300"
  Expenses:Groceries      24.68 USD
  Liabilities:American-Express      -24.68 USD

2015-07-03 * "000207140488643352300"
  Expenses:Groceries      7.56 USD
  Liabilities:American-Express      -7.56 USD

2015-07-03 * "8642970588"
  Expenses:Clothing      43.39 USD
  Liabilities:American-Express      -43.39 USD

2015-07-04 * "MB002245925 LODGING"
  Expenses:Dining      83.34 USD
  Liabilities:American-Express      -83.34 USD

2015-07-05 * "18602032 803-794-2712"
  Expenses:Auto:Gas      41.21 USD
  Liabilities:American-Express      -41.21 USD

2015-07-06 * "Department of  the Treasury"
  Expenses:Taxes:Federal-Payment      7640.00 USD
  Assets:Banking:BofA:Checking      -7640.00 USD

2015-07-06 * "000507340057623330259"
  Expenses:Groceries      20.20 USD
  Liabilities:American-Express      -20.20 USD

2015-07-06 * "7321182085 9704542722"
  Expenses:Charity      100.00 USD
  Liabilities:American-Express      -100.00 USD

2015-07-06 * "APP ST"
  Expenses:Entertainment:Music-Movies      14.93 USD
  Liabilities:American-Express      -14.93 USD

2015-07-07 * "PSNC ENERGY Bill Payment"
  Expenses:Utilities:Gas      22.36 USD
  Assets:Banking:BofA:Checking      -22.36 USD

2015-07-07 * "Brier Creek Country Club"
  Expenses:House:Homeowners-Dues      179.00 USD
  Assets:Banking:BofA:Checking      -179.00 USD

2015-07-07 * "00060706013 9198168830"
  Liabilities:American-Express      30.17 USD
  Expenses:Groceries      -30.17 USD

2015-07-07 * "000607220029193540350"
  Expenses:Groceries      265.58 USD
  Liabilities:American-Express      -265.58 USD

2015-07-07 * "90135183 402-935-7733"
  Expenses:Groceries      109.96 USD
  Liabilities:American-Express      -109.96 USD

2015-07-08 * "Reinvest-Dividend"
  Assets:Investments:Vanguard:Todd:RothIRA:DRIP:BND      0.0090 BND { 78.88888888888889 USD } 
  Income:DRIPs:IRA-Roth:BND      -0.71 USD

2015-07-08 * "000038496 8284180140"
  Expenses:Groceries      13.84 USD
  Liabilities:American-Express      -13.84 USD

2015-07-08 * "00814699 DISCOUNT STORE"
  Expenses:Household      52.50 USD
  Liabilities:American-Express      -52.50 USD

2015-07-08 * "01259316 DISCOUNT STORE"
  Liabilities:American-Express      8.53 USD
  Expenses:Household      -8.53 USD

2015-07-08 * "Reinvest Dividend TradIRA BND"
  Assets:Investments:Vanguard:Todd:TradIRA:DRIP:BND      0.0220 BND { 80.454545 USD } 
  Income:DRIPs:IRA-Traditional:BND      -1.77 USD

2015-07-09 * "Interest Earned"
  Assets:Banking:BofA:Savings-Giving      0.01 USD
  Income:Interest:Savings      -0.01 USD

2015-07-09 * "ALLSTATE INSURANCE Bill Payment"
  Expenses:Insurance:Umbrella      171.84 USD
  Assets:Banking:BofA:Checking      -171.84 USD

2015-07-09 * "Interest Earned"
  Assets:Banking:BofA:Checking      0.25 USD
  Income:Interest:Checking      -0.25 USD

2015-07-09 * "Online Banking payment to MTG 49"
  Liabilities:Mortgage      25000.00 USD
  Assets:Banking:BofA:Checking      -25000.00 USD

2015-07-09 * "Home Team Pest Defense"
  Expenses:House:Pest-Control      99.50 USD
  Assets:Banking:BofA:Checking      -99.50 USD

2015-07-09 * "Bought Facebook"
  Assets:Investments:Etrade:Stocks:FB      200.0000 FB { 87.4411 USD } 
  Expenses:Investment-Expenses:Commissions:Etrade      9.99 USD
  Assets:Investments:Etrade:Cash      -17498.21 USD

2015-07-09 * "NOBLE #2171RALEIGH"
  Expenses:Dining      3.50 USD
  Liabilities:American-Express      -3.50 USD

2015-07-09 * "000467824 9196213281"
  Expenses:Dining      3.44 USD
  Liabilities:American-Express      -3.44 USD

2015-07-09 * "CRAFT"
  Expenses:Arts-Crafts      7.68 USD
  Liabilities:American-Express      -7.68 USD

2015-07-10 * "CITY OF RALEIGH Bill Payment"
  Expenses:Utilities:Water      77.00 USD
  Assets:Banking:BofA:Checking      -77.00 USD

2015-07-10 * "E*TRADE DES:ACH TRNSFR ID:XXXXX3"
  Assets:Investments:Etrade:Cash      17000.00 USD
  Assets:Banking:BofA:Checking      -17000.00 USD

2015-07-10 * "Triangle Green Cleaning"
  Expenses:House:Cleaning      154.00 USD
  Assets:Banking:BofA:Checking      -154.00 USD

2015-07-10 * "00763775 DISCOUNT STORE"
  Expenses:Household      3.41 USD
  Liabilities:American-Express      -3.41 USD

2015-07-10 * "RENEWAL MEMBERSHIP FEE"
  Expenses:Credit-Card      95.00 USD
  Liabilities:American-Express      -95.00 USD

2015-07-11 * "00000034694 919-881-9700"
  Expenses:Household      67.61 USD
  Liabilities:American-Express      -67.61 USD

2015-07-11 * "000890060 000-0000000"
  Expenses:Auto:Gas      48.04 USD
  Liabilities:American-Express      -48.04 USD

2015-07-11 * "10156320150 9194698009"
  Expenses:Dining      35.73 USD
  Liabilities:American-Express      -35.73 USD

2015-07-12 * "NOBLE #2171RALEIGH"
  Expenses:Dining      5.93 USD
  Liabilities:American-Express      -5.93 USD

2015-07-12 * "229-11 GROCERY STORE"
  Expenses:Groceries      51.81 USD
  Liabilities:American-Express      -51.81 USD

2015-07-12 * "CRAFT"
  Expenses:Education      17.90 USD
  Liabilities:American-Express      -17.90 USD

2015-07-13 * "POWERSHARES QQQ TRUST-SERIES 1"
  Expenses:Investment-Expenses:Commissions:Etrade      9.99 USD
  Assets:Investments:Etrade:Stocks:QQQ      100.0000 QQQ { 107.7651 USD } 
  Assets:Investments:Etrade:Cash      -10786.50 USD

2015-07-13 * "sell 100 qqq"
  Assets:Investments:Etrade:Cash      10927.13 USD
  Expenses:Investment-Expenses:Commissions:Etrade      10.20 USD
  Assets:Investments:Etrade:Stocks:QQQ      -100.0000 QQQ { 109.3733 USD } 

2015-07-13 * "00780495 DISCOUNT STORE"
  Expenses:Household      25.09 USD
  Liabilities:American-Express      -25.09 USD

2015-07-14 * "TIME WARNER CABLE RALEIGH DURHAM"
  Expenses:Utilities:TV-Internet      90.96 USD
  Assets:Banking:BofA:Checking      -90.96 USD

2015-07-14 * "000307220089193540350"
  Expenses:Groceries      205.65 USD
  Liabilities:American-Express      -205.65 USD

2015-07-15 * "CHECKCARD 0714 THE PURPLE POLKA"
  Expenses:Clothing      18.15 USD
  Assets:Banking:BofA:Checking      -18.15 USD

2015-07-15 * "RALEIGH RADIOLOG DES:DIRECT DEP"
  Assets:Banking:BofA:Checking      8068.29 USD
  Expenses:Taxes:Federal      3347.93 USD
  Expenses:Taxes:Medicare      193.26 USD
  Expenses:Taxes:State      705.00 USD
  Assets:Investments:Raleigh-Radiology-PSP      750.00 USD
  Expenses:Insurance:Health      281.81 USD
  Expenses:Taxes:Medicare-HI      119.96 USD
  Expenses:DisabilityPlan      118.75 USD
  Expenses:PAC-Radiology      25.00 USD
  Expenses:Taxes:Social-Security      0.0 
  Income:RalRad:Salary      -13610.00 USD

2015-07-15 * "020428120 800-2758777"
  Expenses:Postage      15.68 USD
  Liabilities:American-Express      -15.68 USD

2015-07-16 * "09153816 402-935-7733"
  Expenses:Books      29.79 USD
  Liabilities:American-Express      -29.79 USD

2015-07-16 * "19768033 919-782-2594"
  Expenses:Auto:Gas      33.47 USD
  Liabilities:American-Express      -33.47 USD

2015-07-16 * "CRAFT"
  Expenses:Education      7.97 USD
  Liabilities:American-Express      -7.97 USD

2015-07-17 * "CHECKCARD 0715 HOMESCHOOL GATHER"
  Expenses:Education      9.61 USD
  Assets:Banking:BofA:Checking      -9.61 USD

2015-07-17 * "DUKE ENERGY PROGRESS Bill Paymen"
  Expenses:Utilities:Electric      232.18 USD
  Assets:Banking:BofA:Checking      -232.18 USD

2015-07-17 * "short 200 qqq"
  Assets:Investments:Etrade:Cash      22537.59 USD
  Expenses:Investment-Expenses:Commissions:Etrade      10.41 USD
  Assets:Investments:Etrade:Stocks:QQQ      -200.0000 QQQ { 112.74 USD } 

2015-07-18 * "000707220049193540350"
  Expenses:Groceries      147.50 USD
  Liabilities:American-Express      -147.50 USD

2015-07-18 * "SKF42G squareup.com/receipts"
  Expenses:Dining      15.00 USD
  Liabilities:American-Express      -15.00 USD

2015-07-19 * "00010057 919-957-2660"
